2384 4126
863 346 1120 379 Hrs'roiuA
1162 346 1373 379 REGUM.
2009 333 2077 382 59

165 471 358 522 amoris
403 471 599 522 affectu
646 470 1018 537 benignissimi
1067 471 1208 538 regis
1252 470 1459 522 Elfredi
1499 471 1777 522 constituit
1828 471 1893 522 ab
1934 472 2081 522 omni

160 543 364 594 tributo
400 542 698 609 [liberam],
739 543 829 610 qui
860 543 1022 594 etiam
1056 543 1226 593 multa
1260 543 1400 593 dona
1432 542 1534 609 ipsi
1572 542 1901 605 transmisit,
1938 543 2080 594 inter

166 631 282 680 quae
310 614 456 665 dedit
482 614 562 664 illi
587 620 793 681 partem
822 614 1169 665 sanctissimae
1197 614 1368 665 crucis
1394 614 1450 664 in
1478 632 1583 680 qua
1607 614 1874 665 Dominus
1898 621 2081 665 noster

164 686 197 735 J
203 685 360 736 hesus
388 685 633 736 Christus
659 704 753 752 pro
780 685 1063 737 universali
1098 686 1378 737 hominum
1405 686 1575 736 salute
1601 685 1870 753 pependit.
1947 686 2083 737 Nati

163 763 288 806 sunt
333 774 459 824 ergo
498 757 613 823 regi
656 757 752 807 filii
795 763 849 808 et
890 757 1011 809 filiae
1056 757 1185 808 satis
1225 757 1488 825 perspicui
1526 774 1586 808 ac
1627 757 1833 809 decorae
1873 757 2080 819 formae,

165 846 392 894 quorum
444 846 774 896 quarumque
817 829 1036 880 nomina
1085 829 1173 879 hic
1224 835 1349 880 sunt
1399 829 1670 891 deflorata,
1721 829 1984 879 Eadward
2025 835 2079 879 et

161 900 485 963 Ethelward,
528 900 795 951 Ethelfled
841 906 893 951 et
944 900 1241 967 Ethelgifu,
1284 907 1443 967 atque
1484 900 1739 951 Elfthrid.
1816 900 2079 951 Eadward

162 989 286 1022 vero
323 971 462 1022 filius
496 971 654 1038 regis,
683 977 737 1022 et
772 972 1037 1035 Ealthrid,
1066 990 1214 1023 soror
1249 974 1379 1040 ejus,
1408 990 1616 1039 semper
1654 972 1711 1021 in
1748 972 1895 1023 curia
1937 972 2078 1039 regis

167 1060 288 1093 cum
322 1061 519 1110 magna
561 1044 888 1094 nutritorum
917 1051 1075 1111 atque
1101 1044 1373 1095 nutricum
1402 1043 1681 1110 diligentia
1708 1050 1833 1094 sunt
1867 1044 2075 1094 nutriti.

162 1114 307 1164 Nam
337 1121 388 1166 et
423 1115 670 1182 psalmos,
699 1121 752 1166 et
795 1116 1082 1167 Saxonicos
1118 1116 1283 1166 libros
1322 1122 1375 1167 et
1402 1116 1638 1166 carmina
1678 1116 1913 1166 studiose
1941 1116 2077 1165 didi-

165 1203 297 1237 cere.
362 1187 694 1237 AEthelward
732 1187 930 1254 itaque,
961 1188 1145 1256 junior
1177 1188 1318 1238 filius
1345 1188 1477 1255 ejus,
1508 1187 1649 1237 ludis
1683 1187 1931 1238 literariae
1971 1187 2076 1238 dis-

165 1257 373 1324 ciplinae
430 1258 674 1309 subditus
737 1259 956 1309 emicuit
1018 1277 1140 1310 cum
1212 1259 1457 1326 plurimis
1524 1259 1761 1309 militum
1822 1259 2075 1326 puerulis,

161 1329 433 1381 nobilibus
450 1330 652 1381 scilicet
671 1336 723 1381 et
739 1330 1079 1396 ignobilibus.
1119 1331 1429 1392 AEthelfled,
1448 1348 1595 1381 soror
1611 1348 1812 1393 eorum,
1831 1331 2077 1382 Eadredo

161 1401 491 1452 Merciorum
533 1401 759 1469 principi
798 1402 856 1452 in
886 1403 1227 1453 matrimonio
1262 1403 1507 1469 copulata
1542 1408 1622 1453 est
1637 1424 1651 1465 3
1694 1420 1841 1453 soror
1868 1419 2077 1470 quoque

162 1473 399 1539 ipsorum
425 1473 712 1540 Ethelgyfa
738 1474 1046 1539 monasticae
1073 1474 1194 1525 vitae
1219 1474 1402 1525 ferulis
1428 1474 1712 1540 subjuncta
1738 1480 1834 1525 est.

274 1545 376 1595 His
416 1545 745 1611 temporibus
784 1545 1012 1596 fideliter
1060 1546 1392 1612 glorioseque
1431 1546 1693 1612 regimine
1732 1545 1869 1596 rexit
1911 1545 2076 1596 eccle-

164 1615 297 1665 siam
343 1616 545 1666 Christi
595 1616 959 1682 Plegmundus
1001 1617 1441 1684 archiepiscopus,
1485 1617 1576 1683 qui
1625 1617 1957 1667 venerandus
2002 1617 2080 1667 vir

163 1687 436 1754 sapientiae
485 1687 749 1738 fructibus
797 1688 1093 1751 renidebat,
1134 1688 1389 1755 praeditus
1438 1688 1521 1738 bis
1572 1688 1712 1738 binis
1762 1689 2078 1754 columpnis,

157 1759 397 1827 justitiae,
425 1758 687 1821 videlicet,
726 1759 1040 1826 prudentiae,
1076 1760 1462 1826 temperantiae,
1498 1759 1846 1810 fortitudinis.
1922 1761 2080 1810 VVar-

163 1830 333 1880 fridus
358 1847 481 1881 vero
507 1831 659 1897 regni
685 1837 892 1898 sceptra
916 1831 1290 1898 Wigornensis
1317 1831 1604 1882 civitatulae
1631 1831 1817 1882 eodem
1843 1837 2083 1898 tempore

162 1902 489 1969 purpurabat
546 1902 885 1953 devotissimo
942 1903 1115 1954 cordis
1170 1903 1403 1969 ingenio.
1483 1903 1610 1966 Qui,
1656 1903 1878 1970 imperio
1939 1904 2082 1970 regis

157 1975 338 2042 jussus
385 1979 543 2040 atque
584 1974 864 2041 expetitus,
900 1974 1098 2025 librum
1136 1975 1486 2042 Dialogorum
1528 1975 1777 2041 Gregorii
1816 1975 1874 2025 in
1915 1976 2080 2025 Saxo-

161 2046 336 2096 nicam
364 2045 604 2112 linguam
632 2046 840 2108 evertit,
860 2047 1144 2113 aliquando
1171 2064 1385 2098 sensum
1413 2065 1476 2098 ex
1502 2064 1661 2097 sensu
1687 2047 2082 2113 elegantissime

160 2117 543 2184 interpretatus
581 2124 677 2169 est.
757 2118 1161 2169 AEthelstanum
1204 2136 1414 2185 quoque
1454 2128 1507 2169 et
1541 2119 1874 2181 Werwlfum,
1912 2136 2082 2170 sacer-

161 2189 311 2240 dotes
336 2189 573 2255 insignes
595 2189 659 2240 de
680 2190 903 2252 Mercia,
934 2189 997 2240 ad
1026 2208 1080 2241 se
1100 2190 1370 2252 invitarat,
1400 2208 1461 2241 eo
1489 2190 1630 2256 quod
1656 2190 1713 2240 hi
1740 2191 2080 2257 praestantius

161 2267 320 2327 atque
369 2261 632 2327 perfusius
695 2261 753 2310 in
804 2261 1013 2312 Divinae
1069 2262 1204 2328 legis
1259 2262 1559 2312 eruditione
1608 2262 1910 2328 pollebant:
1962 2262 2079 2313 Hos

158 2332 437 2399 praecipuo
469 2332 660 2382 amoris
706 2332 906 2383 honore
951 2332 1154 2396 dilexit,
1199 2333 1516 2394 honoravit3
1570 2351 1797 2398 quorum
1837 2333 2081 2384 doctrina

159 2410 212 2455 et
240 2403 536 2455 eruditione
561 2404 935 2471 magnificatus
975 2410 1056 2455 est
1095 2423 1188 2456 rex
1222 2405 1472 2472 pacificus
1513 2422 1671 2471 super
1708 2422 1893 2455 omnes
1925 2423 2077 2472 reges

159 2481 357 2527 terrae.²‘

934 2628 1280 2662 DCCCLXXXVI.

269 2714 431 2763 Anno
470 2714 769 2766 Dominicae
807 2715 1188 2767 incarnationis
1228 2717 1580 2785 Dccc.lxxxvj,
1619 2717 1914 2768 nativitatis
1953 2735 2078 2768 vero

161 2784 365 2835 Elfredi
390 2786 528 2851 regis
556 2787 772 2852 gloriosi
797 2806 950 2850 xxxv,
990 2806 1088 2839 nec
1119 2790 1477 2840 nominandus
1505 2788 1766 2840 exercitu’s
1796 2790 2076 2840 Danorum

160 2856 356 2907 iterum
394 2857 451 2907 in
489 2858 900 2909 occidentalium
939 2861 1268 2911 Francorum
1302 2862 1575 2928 regionem
1600 2861 1762 2924 venit,
1791 2862 1883 2928 qui
1909 2861 2076 2928 appli-

161 2934 387 2978 cuerunt
412 2929 470 2978 in
495 2929 715 2980 flumine
747 2931 889 2997 quod
925 2932 1087 2998 Signe
1121 2933 1333 2983 dicitur.
1413 2933 1680 2983 Parisium
1716 2951 1925 3000 quoque
1952 2933 2076 2983 civi-

160 3005 327 3049 tatem
355 3000 485 3050 adiit
511 3000 689 3067 ibique
714 3002 997 3053 hiemavit:
1035 3004 1324 3055 transitum
1348 3005 1528 3071 pontis
1557 3005 1755 3055 civibus
1782 3004 2074 3071 prohibuit.

163 3071 268 3121 Sed
288 3072 403 3122 Deo
426 3072 811 3124 adminiculum
830 3075 940 3125 veri
967 3076 1150 3126 auxilii
1176 3077 1516 3139 concedente,
1544 3082 1597 3127 et
1624 3076 1825 3127 civibus
1852 3076 2077 3126 viriliter

164 3159 218 3192 se
258 3144 678 3209 protegentibus,
719 3146 1074 3197 munitionem
1116 3148 1411 3214 irrumpere
1450 3166 1561 3198 non
1600 3148 1793 3214 potuit.
1871 3148 2076 3198 Eodem

161 3219 398 3279 tempore
435 3233 528 3265 rex
552 3216 873 3282 Anglorum,
900 3225 1022 3284 post
1056 3219 1302 3270 incendia
1326 3220 1540 3270 urbium
1572 3226 1881 3286 stragesque
1905 3237 2073 3285 popu-

161 3284 351 3346 lorum,
371 3286 723 3350 Londoniam,
745 3290 1127 3355 permaximam
1148 3291 1435 3354 civitatem,
1454 3291 1743 3341 honorifice
1759 3290 2078 3341 restauravit

164 3360 216 3404 et
241 3355 586 3408 habitabilem
611 3359 755 3422 fecit,
784 3379 944 3426 quam
969 3362 1275 3425 Ethelredo,
1302 3363 1567 3429 praecipuo
1587 3362 1711 3412 duci
1731 3362 2077 3423 Merciorum,

165 3428 553 3479 commendavit
591 3432 918 3482 servandam.
1008 3434 1208 3484 Omnes
1247 3452 1369 3484 vero
1408 3434 1575 3500 Angli
1613 3440 1667 3484 et
1707 3435 1940 3483 Saxones
1986 3432 2079 3498 qui

165 3496 311 3561 prius
349 3497 443 3548 ubi
477 3507 628 3551 erant
669 3502 890 3569 dispersi
926 3521 1049 3554 cum
1085 3506 1315 3572 Paganis
1352 3512 1444 3556 aut
1476 3524 1506 3556 a
1537 3505 1842 3571 captivitate
1867 3502 2080 3553 liberati

842 3634 858 3650 ¹¹
882 3628 952 3667 An
974 3629 1059 3668 this
1079 3629 1113 3668 is
1135 3630 1241 3669 from
1264 3629 1400 3670 Asser.
