2384 4126
333 375 403 425 64
949 394 1219 429 SYMEONIS
1259 395 1649 429 DUNELMENsls

1170 539 1427 573 Dccccxx.

442 633 605 685 Anno
632 651 892 686 Dcccc.xx
916 652 1010 686 rex
1039 634 1305 686 Sihtricus
1329 635 1550 704 infregit
1577 636 1942 703 Devennport.

1132 758 1464 793 DCCCCXXIII.

444 832 606 884 Anno
659 832 976 901 nocco.xxiij
1032 833 1327 885 Edwardus
1366 852 1462 886 rex
1511 840 1758 885 mortuus
1809 841 1907 899 est,
1959 835 2267 904 relinquens

334 904 622 972 imperium
648 905 759 956 filio
786 923 882 956 suo
907 905 1281 957 Ethelstano.m

1150 1044 1441 1078 Decccxxv.

444 1119 606 1170 Anno
633 1136 926 1170 Dcccc.xxv
951 1118 1243 1185 VVigredus
1271 1119 1548 1187 episcopus
1576 1126 1917 1172 consecratur
1956 1122 2023 1173 ad
2064 1123 2265 1190 episco-

333 1197 521 1258 patum
552 1191 737 1242 Sancti
764 1190 1069 1242 Cuthberti.

1119 1322 1460 1356 DCCCCXXVII.

446 1397 607 1448 Anno
664 1397 993 1465 Dcccc.xxvij
1053 1397 1408 1449 Ethelstanus
1461 1415 1554 1449 rex
1612 1398 1677 1449 de
1733 1417 1900 1467 regno
1957 1399 2267 1452 Brittonum

337 1469 667 1522 Gudfridum
697 1488 881 1538 regem
911 1469 1163 1537 fugavit.⁷²

1116 1601 1489 1635 DCCCCXXXIII.

448 1677 610 1729 Anno
637 1676 983 1745 nocco.xxxiij
1013 1695 1107 1728 rex
1132 1677 1486 1728 Ethelstanus
1505 1677 1668 1746 jussit
1702 1678 2023 1731 Eadwinum
2047 1680 2270 1733 fratrem

339 1768 499 1801 suum
525 1750 799 1817 submergi
824 1749 881 1800 in
907 1758 1094 1801 mare.⁰

1123 1896 1474 1930 DCCCCXXXIV.

451 1973 613 2024 Anno
664 1972 1035 2039 Dcccc.xxxiiij
1090 1990 1183 2023 rex
1232 1972 1584 2023 Ethelstanus
1636 1990 1759 2023 cum
1810 1974 1983 2025 multo
2035 1976 2274 2028 exercitu

344 2046 583 2097 Scotiam
623 2045 869 2108 tendens,
914 2045 980 2095 ad
1025 2044 1329 2112 sepulcrum
1372 2045 1558 2096 Sancti
1594 2045 1881 2097 Cuthberti
1922 2048 2085 2112 venit,
2127 2048 2273 2099 illius

308 2168 316 2176 ,
342 2117 640 2186 patrocinio
667 2135 722 2168 se
750 2134 1011 2184 suumque
1037 2116 1141 2168 iter
1167 2116 1578 2180 commendavit,
1606 2117 1779 2188 multa
1806 2136 1866 2168 ac
1888 2119 2094 2171 diversa
2114 2121 2271 2185 dona,

345 2208 463 2258 quae
488 2208 671 2256 regem
699 2189 965 2252 decerent,
995 2189 1044 2240 ei
1070 2189 1266 2256 optulit
1294 2195 1346 2239 et
1371 2195 1558 2252 terraS,
1587 2196 1786 2240 aeterno
1812 2190 1927 2257 igni
1954 2194 2273 2245 contradens

344 2262 660 2314 cruciandos
698 2261 1001 2329 quicunque
1041 2261 1088 2311 ei
1128 2260 1329 2328 aliquid
1369 2278 1432 2311 ex
1471 2261 1556 2311 his
1595 2261 1972 2314 subtraxerint.
2064 2265 2274 2317 Deinde

344 2335 525 2386 hostes
551 2334 764 2401 subegit
785 2355 795 2385 z
839 2334 1075 2385 Scotiam
1100 2351 1269 2400 usque
1297 2333 1609 2384 Dunfoeder
1636 2339 1689 2385 et
1715 2335 2142 2387 Wertermorum
2165 2344 2272 2388 ter-

343 2407 501 2459 restri
540 2407 779 2458 exercitu
811 2406 1058 2469 vastavit,
1096 2405 1275 2457 navali
1299 2423 1423 2457 vero
1454 2424 1624 2473 usque
1661 2406 1890 2458 Catenes
1926 2407 2276 2476 depopulatus

342 2486 470 2532 est.10

1122 2589 1496 2623 DCCCCXXXVII.

453 2667 617 2717 Anno
656 2664 1021 2732 Dcccc.xxxvij
1063 2664 1417 2715 Ethelstanus
1456 2683 1566 2728 rex,
1609 2664 1749 2732 apud
1790 2666 2105 2719 Wenduneq
2142 2686 2274 2735 pug-

343 2738 510 2801 navit,
549 2755 838 2805 regemque
870 2737 1129 2788 Onlafum
1161 2755 1283 2788 cum
1310 2753 1377 2787 Dc
1406 2743 1460 2787 et
1486 2755 1553 2787 xv
1578 2737 1820 2801 navibus,
1858 2739 2276 2791 Constantinum

346 2829 557 2878 quoque
600 2828 783 2876 regem
829 2810 1156 2872 Scottorum,
1203 2814 1256 2859 et
1305 2826 1487 2875 regem
1534 2809 1913 2873 Cumbrorum,
1960 2829 2082 2862 eum
2127 2813 2275 2863 omni

344 2900 530 2934 eorum
555 2881 905 2933 multitudine
929 2880 988 2931 in
1012 2880 1196 2948 fugam
1223 2880 1400 2932 vertit.

1132 3011 1483 3045 DCCCCXXXIX.

453 3090 616 3140 Anno
662 3086 1009 3139 Dcccc.xxxix
1049 3086 1426 3137 AEthelstanus
1466 3104 1560 3138 rex
1600 3086 1753 3150 obiit,
1801 3088 1888 3138 cui
1937 3089 2105 3141 frater
2149 3109 2277 3142 suus

345 3161 666 3213 Edmundus
691 3160 750 3210 in
776 3177 1001 3227 regnum
1030 3158 1286 3209 successit
1302 3180 1316 3222 3
1349 3175 1453 3226 quo
1475 3176 1616 3210 anno
1636 3177 1728 3210 rex
1750 3160 1920 3211 Onlaf
1937 3162 2110 3229 primo
2130 3163 2276 3214 venit

345 3234 668 3296 Eboracum,
721 3232 913 3283 deinde
965 3231 1032 3281 ad
1077 3236 1316 3281 austrum
1368 3231 1612 3294 tendens,
1662 3232 1996 3285 Hamtonam
2047 3235 2273 3286 obsedit.

427 3375 454 3391 ”⁸
486 3366 527 3407 S.
549 3366 611 3416 C„
631 3378 744 3405 anno
764 3368 858 3406 923.
918 3363 1021 3404 This
1039 3376 1140 3417 year
1158 3363 1265 3416 king
1283 3363 1488 3416 Regwold
1507 3377 1602 3405 won
1622 3365 1755 3407 York.

427 3431 447 3448 '²
479 3422 619 3462 Saxon
640 3420 875 3461 Chronicle.

429 3486 445 3503 ⁰
476 3477 578 3517 This
597 3489 697 3529 year
716 3475 882 3515 AEdwin
903 3474 976 3515 the
994 3474 1185 3525 etheling
1204 3487 1287 3514 was
1307 3474 1507 3515 drowned
1526 3477 1570 3515 at
1590 3488 1670 3525 sea,
1702 3475 1743 3517 S.
1767 3478 1811 3517 C.

425 3540 447 3565 Ρ
479 3532 582 3572 This
601 3544 702 3583 year
720 3530 828 3583 king
846 3529 1073 3570 Ethelstan
1093 3531 1206 3569 went
1235 3529 1328 3569 into
1359 3529 1558 3570 Scotland
1584 3543 1628 3570 as
1649 3531 1741 3571 well
1761 3532 1866 3572 with
1887 3546 1911 3572 a
1930 3532 2029 3573 land
2050 3547 2171 3586 army
2190 3547 2234 3575 as
2254 3547 2279 3573 a

346 3589 457 3638 fleet,
478 3588 563 3627 and
581 3586 761 3638 ravaged
781 3598 805 3625 a
824 3587 942 3637 great
961 3587 1056 3636 part
1075 3585 1121 3625 of
1136 3585 1183 3634 it,
1206 3584 1246 3625 S.
1270 3586 1313 3625 C.
1374 3584 1450 3625 See
1471 3585 1556 3625 also
1572 3588 1773 3626 Historia
1792 3589 1842 3627 de
1865 3589 2019 3628 Sancto
2042 3591 2275 3629 Outkberto.

430 3651 445 3675 ⁹
478 3645 502 3663 “
519 3642 787 3691 Weondune,
810 3641 922 3692 quod
953 3640 1034 3680 alio
1067 3639 1240 3680 nomine
1266 3640 1649 3681 AEtbrunnanwere
1678 3641 1743 3682 vel
1769 3642 2107 3696 Brunnanbyrig
2136 3645 2280 3696 appel-

344 3697 460 3738 latur
474 3699 499 3716 '⁹
532 3697 748 3750 (Symeon,
770 3698 885 3736 Hist.
908 3697 1065 3735 Eccles.
1089 3697 1297 3745 Dunelm„
1320 3695 1391 3735 lib.
1413 3695 1472 3746 ii„
1493 3709 1527 3737 e.
1551 3696 1637 3745 18).
