2384 4126
898 369 1085 404 SANc'rl
1127 369 1459 404 cumssssum.
2048 353 2149 403 191

231 511 535 545 mensuram
580 494 742 545 loculi
779 494 836 545 in
878 494 1048 546 latum
1085 501 1139 546 et
1175 495 1398 562 longum
1433 512 1546 546 sese
1587 494 1896 556 extendenS,
1943 510 2004 545 ea
2040 511 2157 561 quae

236 565 420 617 subter
460 572 612 617 erant
650 566 897 617 universa
932 574 1293 647 cooperuerat.
1372 567 1655 618 Habuerat
1682 572 1863 617 autem
1887 565 2154 616 immissos

235 637 337 688 sibi
377 638 526 701 duos,
565 656 735 689 unum
774 657 804 689 a
844 638 1051 705 capitis,
1090 645 1144 689 et
1185 639 1414 690 alterum
1449 658 1480 690 a
1512 644 1662 706 parte
1699 638 1895 705 pedum
1927 654 1990 687 ex
2015 637 2156 687 ferro

236 709 481 771 circuIOS,
508 727 602 777 per
629 728 759 777 quos
787 710 925 760 hanc
950 710 1251 761 levantibus
1280 711 1495 761 nullum
1523 710 1805 761 difficultas
1831 708 2069 759 facer’et
2055 727 2154 758 im-

232 781 614 848 pedimentum.
693 782 915 832 Certum
947 789 1060 833 erat
1096 782 1194 833 sub
1225 783 1473 834 manibus
1507 800 1620 833 esse
1653 781 1795 849 quod
1830 780 2156 847 quaerebant,

234 852 344 914 sed,
370 858 555 903 utrum
580 853 637 904 id
666 853 807 904 inter
837 872 1028 905 manus
1053 859 1364 917 tractarent,
1403 854 1670 905 incertum
1695 852 1981 904 habebant.
2060 852 2154 902 In-

232 930 346 975 erat
371 942 603 991 namque
641 924 748 975 illis
788 942 852 976 ex
883 943 1061 976 amore
1092 926 1414 977 desiderium
1439 926 1655 977 videndi
1687 932 1846 992 atque
1886 923 2156 974 tractandi

233 996 375 1062 quod
416 996 729 1059 dilexerant,
769 997 861 1048 sed
891 1015 955 1048 ex
990 997 1317 1049 conscientia
1349 1005 1691 1065 peccatorum
1730 997 1893 1047 timor
1925 996 2045 1046 illos
2088 1013 2156 1046 ne

230 1067 286 1118 id
328 1068 585 1119 auderent
624 1069 930 1135 repellebat.
1022 1070 1111 1120 Ita
1154 1070 1295 1121 inter
1338 1070 1452 1122 haec
1494 1070 1600 1120 duo
1640 1069 1791 1119 dubii
1830 1067 2154 1135 pendebant,

231 1146 293 1189 ut
334 1158 467 1206 pene
507 1140 776 1191 nescirent
811 1141 939 1207 quid
979 1141 1148 1208 magis
1184 1142 1399 1193 vellent.
1480 1142 1589 1195 Qui
1624 1142 1805 1191 taliter
1838 1139 2154 1202 titubanteS,

227 1211 469 1279 jussione
495 1212 694 1263 Prioris
723 1218 776 1263 et
810 1213 1112 1264 hortatione
1146 1213 1328 1264 fratris
1361 1214 1603 1281 praedicti
1636 1212 1888 1274 roborati,
1915 1211 2156 1262 tabulam

233 1284 551 1350 quandoque
576 1284 755 1334 levant
772 1305 785 1346 3
829 1285 1111 1352 ablatoque
1132 1286 1274 1352 quod
1299 1286 1538 1353 proxime
1564 1292 1685 1352 post
1710 1284 1952 1335 tabulam
1979 1300 2156 1334 sacras

233 1362 578 1422 cooperuerat
603 1356 853 1423 reliquias
880 1357 1248 1420 lintheamine,
1277 1358 1575 1408 suavissimi
1603 1356 1777 1408 odoris
1803 1355 2155 1423 fragrantiam

230 1427 449 1477 naribus
500 1427 741 1479 trahunt.
833 1429 922 1491 Et,
980 1429 1136 1480 ecce!
1192 1429 1339 1480 beati
1389 1430 1553 1497 patris
1598 1428 1898 1480 venerabile
1943 1444 2154 1494 corPUS,

232 1498 435 1549 scilicet
473 1499 712 1550 fructum
751 1499 1000 1551 desiderii
1026 1501 1124 1563 sui,
1164 1502 1454 1568 reperiunt,
1495 1501 1652 1568 quod,
1692 1501 1750 1550 in
1776 1500 1962 1551 dextro
1987 1499 2155 1549 latere

225 1570 429 1638 jacens,
469 1576 584 1621 tota
617 1571 701 1621 sui
733 1571 1041 1637 integritate
1082 1578 1401 1640 artuumque
1435 1572 1768 1623 flexibilitate
1800 1570 2156 1622 dormientem

230 1642 402 1709 magis
427 1643 843 1709 repraesentabat
870 1662 1032 1710 quam
1057 1651 1348 1695 mortuum.
1427 1644 1550 1696 Quo
1570 1644 1700 1706 Viso,
1727 1660 1920 1710 pavore
1955 1642 2152 1709 percel-

230 1713 420 1764 luntur
444 1714 670 1781 ingenti,
710 1722 764 1765 et
790 1716 949 1781 paulo
975 1715 1188 1782 longius
1213 1717 1540 1778 recedentes,
1580 1734 1691 1766 non
1717 1715 1834 1765 ausi
1860 1721 1986 1764 sunt
2013 1713 2155 1780 quod

230 1785 447 1852 patebat
490 1786 690 1837 intueri
741 1787 1076 1839 miraculum.
1168 1788 1459 1855 Coeperunt
1503 1788 1648 1838 flexis
1694 1787 1878 1838 crebro
1929 1785 2153 1852 genibus

230 1863 448 1924 pectora
467 1858 660 1925 pugnis
682 1859 924 1921 tundere,
952 1865 1023 1922 et,
1051 1859 1220 1910 oculis
1249 1878 1371 1911 cum
1396 1860 1644 1911 manibus
1672 1859 1728 1909 in
1750 1859 1921 1909 altum
1946 1857 2153 1920 levatis,

231 1930 421 1996 saepius
448 1930 738 1981 inclamare
766 1935 799 1958 “
817 1931 1076 1982 Miserere
1102 1932 1290 1995 nostri,
1312 1932 1562 1994 Domine,
1590 1931 1896 1982 miserere.''
1974 1930 2153 1980 Inter-

233 2001 362 2051 dum
388 2001 444 2052 id
470 2001 612 2069 quod
639 2002 838 2069 singuli
863 2003 1123 2066 viderant,
1162 2022 1222 2054 ac
1249 2004 1294 2054 si
1324 2022 1433 2055 non
1467 2004 1745 2065 vidissent,
1782 2001 1883 2053 sibi
1921 2001 2154 2052 vicissim

230 2073 495 2124 nuntiare.
597 2075 859 2126 Prostrati
908 2081 1024 2126 toto
1074 2076 1294 2127 tandem
1345 2094 1579 2144 corpore,
1636 2074 1869 2126 lacrimis
1920 2073 2156 2124 ubertim

230 2145 534 2208 fluentibus,
555 2152 758 2213 septem
776 2147 1244 2199 Poenitentialibus
1266 2148 1493 2199 Psalmis
1516 2147 1818 2215 supplicant
1839 2145 2153 2207 Dominum,

229 2234 299 2268 ne
323 2217 382 2267 in
407 2217 585 2268 furore
614 2219 723 2269 Suo
751 2237 839 2270 eos
867 2225 1129 2285 argueret,
1156 2238 1330 2287 neque
1355 2220 1413 2270 in
1439 2220 1518 2271 ira
1546 2221 1655 2270 Sua
1680 2219 1800 2269 illos
1827 2217 2155 2284 corriperetfl

234 2288 444 2341 Quibus
499 2289 683 2352 finitis,
752 2290 976 2357 genibus
1033 2309 1094 2342 ac
1149 2292 1395 2343 manibus
1452 2291 1632 2358 potius
1684 2289 1943 2356 reptando
1993 2306 2153 2355 quam

228 2360 450 2426 pedibus
491 2361 785 2413 incedendo
819 2362 1148 2425 accedenteS,
1182 2369 1265 2414 tot
1297 2365 1618 2414 Sanctorum
1661 2361 1912 2428 reliquias
1953 2360 2152 2411 ibidem

231 2432 585 2499 conspiciunt,
624 2439 687 2483 ut
720 2451 808 2484 eas
838 2434 983 2484 illius
1018 2434 1181 2486 loculi
1216 2435 1464 2502 angustia
1496 2452 1683 2502 capere
1721 2451 1830 2484 non
1869 2432 2152 2499 potuisset,

229 2503 333 2554 nisi
361 2511 609 2555 sanctum
639 2505 804 2572 patris
844 2523 1032 2573 corpus
1059 2506 1117 2556 in
1143 2507 1302 2570 latuS,
1342 2513 1404 2558 ut
1430 2507 1636 2558 dictum
1662 2512 1760 2568 est,
1806 2503 2149 2567 decumbenS,

228 2575 430 2642 largius
472 2576 546 2627 eis
581 2594 691 2627 una
731 2595 912 2628 secum
947 2578 1253 2645 quiescendi
1285 2579 1517 2647 spatium
1546 2578 1673 2629 hinc
1699 2584 1752 2629 et
1777 2576 1902 2628 inde
1928 2576 2146 2643 permit-

228 2653 384 2698 teret.
463 2648 611 2700 Quas
654 2648 893 2716 profecto
936 2650 1207 2717 reliquias,
1246 2657 1308 2701 ut
1346 2651 1403 2701 in
1433 2651 1703 2702 veteribus
1742 2648 1892 2699 libris
1931 2648 2148 2715 legitur,

230 2724 442 2770 constat
492 2738 607 2771 esse
659 2727 818 2787 caput
869 2721 1086 2788 gloriosi
1129 2723 1270 2790 regis
1321 2730 1374 2774 et
1424 2723 1675 2791 martyris
1725 2719 1978 2782 Oswaldi,
2030 2737 2152 2770 ossa

229 2808 439 2858 quoque
464 2792 849 2843 venerabilium
875 2793 1239 2845 confessorum
1260 2794 1463 2846 Christi
1489 2813 1549 2846 ac
1569 2794 1924 2854 sacerdotum,
1951 2791 2151 2842 Aidani

228 2863 491 2926 videlicet,
550 2869 603 2914 et
654 2882 1016 2916 successorum
1067 2867 1232 2934 ipsius
1283 2867 1572 2918 venerandi
1625 2865 1791 2934 patris
1844 2863 2149 2925 Cuthberti,

228 2935 430 2985 scilicet
470 2935 745 2999 Eadberti,
789 2937 1049 3001 Eadfridi,
1102 2945 1155 2989 et
1198 2939 1536 2990 Ethelwoldi.
1629 2940 1893 2989 Praeterea
1933 2942 1987 2987 et
2031 2953 2152 2986 ossa

226 3006 565 3058 Venerabilis
591 3008 771 3071 Bedae,
800 3009 891 3076 qui
917 3010 1104 3060 Vitam
1129 3010 1274 3062 beati
1304 3010 1591 3062 Cuthberti
1627 3009 1857 3061 dilucide
1884 3007 2148 3074 conscrip-

228 3084 387 3141 serat,
426 3097 535 3130 una
561 3097 684 3130 cum
709 3049 854 3131 illius
883 3099 1101 3149 corpore
1135 3082 1428 3150 hospitium
1454 3083 1647 3151 quietis
1674 3082 1992 3141 habuerant,
2033 3097 2150 3146 quae

226 3151 426 3216 pariter
451 3151 761 3202 continebat
788 3154 1028 3204 sacculus
1065 3154 1129 3205 de
1158 3154 1287 3206 11110.
1365 3156 1415 3206 A
1450 3173 1556 3222 quo
1595 3160 1772 3205 autem
1805 3153 1871 3204 de
1899 3151 2148 3212 Giruum,

226 3221 321 3272 ubi
354 3228 474 3288 post
507 3222 652 3273 illius
680 3223 887 3275 obitum
914 3225 1122 3292 sepulta
1151 3226 1380 3290 fuerant,
1419 3227 1549 3278 illuc
1574 3225 1835 3277 translata
1860 3223 1985 3285 sint,
2022 3189 2150 3273 alibi

227 3293 383 3359 plane
423 3293 651 3344 habetur
691 3295 965 3363 scriptum.
1044 3297 1154 3349 Qui
1192 3299 1337 3349 enim
1378 3317 1496 3349 ossa
1531 3298 1676 3349 beati
1711 3295 1902 3348 Boisili
1941 3294 2055 3360 ipse
2096 3299 2150 3344 et

228 3364 458 3414 doctoris
501 3365 662 3416 Bedae
708 3366 809 3417 sibi
847 3368 1081 3419 revelata
1122 3369 1180 3420 in
1224 3371 1646 3422 Dunelmensem
1686 3367 1963 3420 ecclesiam
2004 3382 2148 3415 com-

227 3435 475 3501 portavit,
524 3436 614 3487 sed
661 3436 882 3489 diversis
921 3440 978 3489 in
1021 3440 1151 3491 locis
1194 3442 1433 3508 ejusdem
1474 3441 1708 3493 ecclesiae
1754 3457 1816 3491 ea
1856 3436 2148 3488 collocavit.

228 3507 475 3557 Aliorum
526 3525 738 3575 quoque
799 3511 1120 3562 Sanctorum
1186 3514 1430 3579 plurimae
1487 3514 1688 3565 ibidem
1736 3508 1974 3576 reliquiae
2025 3513 2153 3557 sunt

1022 3665 1209 3705 vPsalm
1231 3665 1285 3705 vi.
1308 3669 1346 3705 2.
