2384 4126
842 381 1098 415 HISTORIA
1138 381 1348 414 REGUM.
1984 371 2049 420 61

139 507 529 561 inedicibilibus
547 506 852 558 bonitatum
870 505 1145 557 fructuum
1166 506 1370 557 actibus
1391 506 1680 558 redolebat.
1745 508 1948 560 Diebus
1970 527 2052 560 so-

140 580 442 647 lempnibus
470 579 618 630 festis
647 584 848 645 quanta
872 596 1096 629 munera
1122 578 1229 628 suis
1262 578 1521 645 episcopis
1557 584 1610 629 et
1635 579 1858 630 ducibus
1895 586 2053 647 atque

141 652 401 703 militibus
443 650 688 713 contulit,
728 650 844 717 quis
880 651 1128 700 enarret?
1203 650 1354 700 Tunc
1379 668 1636 717 pauperes
1656 651 1939 718 jubilando
1964 670 2051 702 ex-

140 724 417 780 ultabant;
458 729 590 772 tunc
625 721 850 788 orphani
876 728 929 771 et
954 721 1127 772 viduae
1151 721 1319 772 nimio
1345 722 1539 788 gaudio
1566 722 1738 773 cordis
1766 723 2050 790 applaude-

138 796 285 846 bant.
376 795 615 845 Noverat
658 793 793 843 illud
836 793 1156 843 scholastici.
1254 795 1395 844 Tunc
1439 800 1516 845 est
1547 795 1788 859 pretiosa
1822 796 2051 860 pecunia

143 885 257 918 cum
296 867 556 918 translata
581 864 754 931 fuerit
793 865 849 915 in
889 866 1054 924 ali035
1095 865 1355 931 laryiendz'
1393 883 1490 916 usu
1525 866 1723 917 desinet
1745 867 2054 932 possiderist

141 938 318 1005 Coepit
356 937 583 1004 denique
622 936 830 987 assidue
866 954 977 986 non
1016 936 1189 987 solum
1227 937 1500 1004 episcopos
1540 938 1769 988 aetherea
1811 938 2053 989 claritate

139 1010 372 1060 nitentes
412 1008 713 1070 admonere,
752 1014 814 1058 ut
851 1007 1036 1074 populi
1074 1008 1269 1059 delicta
1307 1008 1651 1075 corrigerent,
1692 1016 1745 1060 et
1779 1010 2053 1076 vulgarem

142 1081 429 1132 stultitiam
457 1080 767 1147 castigando
794 1080 965 1130 acrius
994 1086 1297 1135 coercerent
1313 1102 1327 1142 3
1370 1086 1423 1131 et
1456 1098 1567 1131 non
1601 1081 1775 1132 solum
1813 1089 2051 1148 pastores

142 1153 418 1204 admonuit
437 1152 772 1219 populorum,
793 1151 1141 1202 verumetiam
1168 1152 1389 1202 ducibus
1411 1158 1464 1202 et
1485 1152 1845 1203 dilectissimis
1865 1154 2052 1204 minis-

138 1225 236 1275 tris
275 1224 543 1292 praecepit,
578 1230 640 1273 ut
675 1223 1011 1290 semet-ipsos
1048 1223 1114 1273 ad
1146 1241 1484 1274 communem
1514 1224 1681 1275 totius
1716 1225 1868 1292 regni
1905 1226 2052 1276 utili-

137 1302 306 1347 tatem
331 1295 719 1362 sapientissime
745 1295 1161 1362 suppeditarent.

247 1369 466 1419 Fecerat
507 1366 647 1417 idem
692 1384 783 1417 rex
831 1366 1214 1417 monasterium
1262 1367 1658 1434 praepulchrum
1700 1367 1757 1417 in
1800 1368 1918 1419 loco
1963 1369 2055 1436 qui

140 1439 336 1490 dicitur
361 1438 753 1505 Ethelingaige,
774 1438 832 1487 in
852 1439 1001 1506 cujus
1021 1438 1337 1489 occidentali
1362 1439 1532 1490 limite
1560 1457 1650 1489 arx
1675 1440 2054 1504 munitissima,

139 1511 349 1578 praefati
372 1510 510 1577 regis
537 1510 760 1577 imperio
786 1515 839 1560 et
865 1509 1186 1576 operatione,
1209 1510 1416 1560 consita
1435 1517 1530 1561 est.
1596 1511 1662 1561 In
1685 1530 1790 1578 quo
1811 1512 2054 1563 coenobio

138 1583 329 1633 diversi
354 1581 561 1648 generis
588 1581 877 1632 monachos
911 1581 1149 1647 undique
1184 1582 1524 1648 congregavit
1559 1588 1612 1632 et
1641 1583 1699 1632 in
1725 1583 1911 1634 eodem
1935 1584 2053 1635 loco

140 1653 432 1705 collocavit.
508 1652 674 1703 Aliud
710 1669 919 1719 quoque
958 1652 1239 1703 constituit
1273 1654 1658 1704 monasterium
1686 1655 1843 1721 juxta
1880 1655 2054 1706 orien-

138 1726 299 1776 talem
326 1730 535 1792 portam
562 1724 791 1774 civitatis
820 1742 938 1790 quae
968 1723 1310 1791 Sceftesburg
1337 1725 1651 1791 appellatur,
1689 1726 1816 1776 satis
1843 1726 2053 1777 habita-

137 1796 274 1847 tioni
311 1795 799 1846 sanctimonialium
843 1795 1036 1858 habile,
1090 1795 1148 1845 in
1186 1813 1291 1862 quo
1335 1796 1501 1847 filiam
1546 1815 1698 1847 suam
1738 1798 2053 1866 Ethelgyfu,

137 1869 382 1919 devotam
401 1868 518 1918 Deo
537 1867 817 1934 virginem,
839 1867 1160 1918 abbatissam
1188 1868 1485 1919 constituit.
1549 1870 1722 1920 Tanta
1747 1869 1891 1920 enim
1917 1870 2058 1921 dona

138 1946 191 1991 et
217 1939 571 2007 possessiones
600 1938 856 1990 ambobus
885 1939 1148 1990 concessit
1181 1940 1537 2002 monasteriis,
1577 1947 1639 1991 ut
1678 1942 1942 1993 sufficeret
1980 1943 2054 1993 eis

138 2012 204 2063 ad
228 2012 429 2063 victum
456 2017 508 2062 et
536 2011 601 2061 ad
626 2011 876 2061 vestitum
903 2011 1159 2078 quamdiu
1182 2011 1292 2062 vita
1318 2029 1493 2063 comes
1522 2013 1725 2064 afforet.

249 2083 350 2134 His
379 2101 496 2150 quae
523 2101 683 2149 supra
707 2083 988 2133 retulimus
1014 2083 1244 2150 pleniter
1268 2084 1597 2151 firmiterque
1622 2085 1849 2152 peractis
1854 2125 1868 2148 ,
1891 2104 2053 2153 saepe-

137 2155 442 2207 nominatus
468 2172 559 2205 rex
585 2154 833 2205 Elfredus
870 2155 1026 2205 solito
1053 2172 1149 2204 suo
1176 2172 1323 2206 more
1349 2156 1493 2206 intra
1519 2174 1628 2207 suae
1659 2157 1853 2207 mentis
1881 2158 2052 2208 thala-

139 2245 289 2278 mum
310 2227 469 2293 coepit
494 2226 671 2292 sagaci
695 2227 910 2292 ingenio
936 2233 1278 2292 pertractare,
1306 2233 1359 2277 et
1385 2228 1758 2294 pertractando
1785 2229 2056 2280 ruminare

139 2299 273 2349 illud
301 2298 441 2365 quod
467 2298 524 2347 in
551 2298 759 2348 Divinis
788 2298 1046 2364 scriptum
1073 2304 1153 2348 est
1177 2298 1363 2348 literis.
1444 2303 1478 2326 “
1498 2300 1612 2360 823²>
1642 2300 1836 2366 inquit,
1866 2305 2056 2352 “recte

141 2371 349 2437 offeras,
389 2376 438 2420 et
463 2375 603 2420 recte
629 2387 730 2420 mm
757 2370 979 2431 dividas,
1006 2370 1302 2435 peccasti.''
1380 2371 1451 2420 Et
1476 2370 1612 2420 illud
1637 2371 1948 2422 medullitus
1976 2379 2057 2423 est

140 2441 540 2509 praemeditatus
568 2440 710 2507 quod
737 2440 810 2490 ait
839 2441 1093 2491 Salomon
1118 2441 1539 2507 sapientissimus
1559 2460 1778 2509 regum:
1813 2445 1914 2495 Cor
1932 2463 2057 2496 sane

140 2515 279 2580 reyis
304 2514 360 2563 in
385 2530 540 2563 manu
566 2512 779 2563 Domini
805 2518 882 2563 est
914 2513 1327 2579 Omnipotentisf
1402 2514 1636 2564 Censum
1662 2532 1871 2581 quoque
1898 2534 2055 2567 suum

140 2584 345 2635 trifarie
373 2584 569 2646 divisit,
597 2584 672 2634 ita
691 2590 753 2633 ut
774 2583 896 2634 istic
915 2584 1045 2634 libet
1064 2584 1398 2650 praetitulari.
1464 2585 1656 2636 Primae
1674 2587 1840 2653 partis
1863 2588 2053 2639 sectio-

141 2674 265 2706 nem
291 2656 372 2706 sui
398 2673 603 2717 census,
629 2655 976 2706 bellatoribus
1000 2656 1301 2706 annualiter
1320 2656 1543 2723 largitus
1566 2664 1663 2708 est.
1732 2659 2053 2723 Secundam,

142 2727 506 2794 operatoribus
547 2744 677 2793 quos
717 2745 780 2777 ex
816 2727 1000 2778 multis
1040 2728 1288 2794 gentibus
1329 2735 1722 2795 aggregaverat.
1800 2731 2054 2795 Tertiam,

143 2799 357 2850 advenis
402 2799 638 2865 undique
684 2799 750 2849 ad
800 2817 855 2849 se
898 2799 1235 2850 venientibus
1254 2820 1268 2861 3
1325 2801 1494 2851 sciens
1539 2801 1675 2851 illud
1719 2802 2054 2867 cordetenus,

140 2872 359 2922 hilarem
398 2872 630 2921 datorem
670 2872 845 2937 diliyz't
882 2873 1066 2922 Deus.‘⁶
1139 2873 1271 2922 Erat
1310 2872 1578 2923 enimvero
1615 2873 1672 2923 in
1708 2874 1891 2925 multis
1919 2883 1972 2926 et
1998 2876 2056 2926 in

140 2942 446 2994 multifariis
486 2942 893 2993 tribulationum
933 2943 1163 2993 stimulis
1198 2944 1523 2995 constitutus
1560 2945 1799 3012 quamvis
1826 2946 1884 2996 in
1909 2948 2056 3014 regia

140 3021 275 3066 esset
300 3020 561 3081 potestate
588 3014 1022 3065 subtronizatus.‘’

897 3210 1293 3244 ncchxxxvin.

248 3311 408 3363 Anno
434 3312 733 3364 Dominicae
759 3312 1142 3364 incarnationis
1170 3313 1536 3382 Dccc.lxxxviij
1576 3315 1781 3366 Beocca
1810 3314 2054 3382 princeps

221 3451 241 3476 ν
270 3444 489 3494 Boethius,
509 3445 567 3496 ii„
586 3448 902 3499 argumentum.

224 3505 240 3522 ²
270 3499 394 3538 Prov.
417 3501 502 3538 xxi.
526 3503 564 3539 1.
1045 3510 1061 3526 ‘¹
1093 3502 1188 3543 Cor.
1210 3502 1266 3542 ix.
1287 3502 1327 3545 7.

227 3552 242 3576 ὂ
273 3553 362 3593 The
381 3553 628 3604 particulars
648 3555 827 3596 detailed
846 3556 899 3596 in>
911 3556 997 3596 this
1017 3557 1176 3597 section
1196 3569 1266 3597 are
1287 3557 1372 3597 still
1398 3558 1506 3598 from
1526 3557 1666 3608 Asser,
1695 3558 1778 3597 and
1804 3569 1873 3597 are
1892 3557 2053 3596 treated

143 3606 189 3646 in
208 3607 282 3646 the
301 3620 412 3647 same
432 3608 539 3659 style
558 3609 604 3648 of
618 3610 728 3650 loose
746 3611 1008 3661 paraphrase.
1058 3612 1147 3652 'Phe
1167 3612 1408 3663 quotations
1428 3625 1497 3653 are
1517 3615 1592 3652 not
1611 3613 1656 3652 in
1672 3612 1812 3652 Asser.
1861 3611 1944 3651 His
1959 3611 2057 3651 Life

143 3662 189 3700 of
205 3661 351 3701 Alfred
371 3662 466 3701 does
486 3665 561 3702 not
580 3665 734 3703 extend
752 3666 918 3716 beyond
936 3666 1022 3705 this
1041 3678 1141 3717 year
1162 3666 1267 3718 (ΑΛ).
1290 3666 1403 3717 887).
