2384 4126
407 378 431 426 1
443 379 510 429 78
994 396 1250 431 HISTORIA
1290 396 1747 431 TRANSLATIONUM

406 519 696 589 deprecans
735 528 797 574 ut
843 524 1043 575 Sancto
1087 523 1387 575 Cuthberto
1430 523 1488 573 in
1533 523 1642 574 suis
1687 521 1946 590 angulum
1991 537 2099 571 suae
2143 518 2331 569 domus

405 594 758 659 permitteret,
801 596 1053 663 quoniam
1089 596 1235 647 aliud
1268 596 1382 663 jam
1407 595 1701 663 hospitium
1728 595 1956 646 aliorum
1981 592 2182 659 ubique
2207 590 2330 640 hos-

405 665 578 732 pitum
599 668 893 719 multitudo
912 668 1019 718 illis
1041 668 1363 734 prohiberet.
1428 669 1503 718 At
1529 668 1637 730 ille,
1667 685 1825 735 quem
1850 665 2047 717 mentis
2072 665 2331 730 impotem

404 736 554 788 furor
594 739 860 803 effecerat,
899 740 1147 807 precibus
1189 740 1541 791 contumelias
1574 740 1768 803 reddit,
1810 744 1863 790 et
1894 738 1952 788 in
1985 736 2090 788 Dei
2125 735 2329 786 confes-

405 826 578 863 sorem
627 811 850 879 loquens
900 812 1142 879 indigna,
1196 829 1487 879 omnesque
1542 812 1834 873 deterrens,
1887 808 2169 860 horrendis
2222 806 2328 857 cla-

403 882 642 934 moribus
682 883 883 934 insanit
898 905 913 946 3
962 884 1183 951 jamque
1225 883 1484 950 ligamina
1526 884 1844 951 praecisurus
1888 898 2147 948 equorum
2196 877 2328 928 furi-

402 951 616 1005 bundus
644 955 889 1006 accurrit.
967 955 1145 1022 Igitur
1170 955 1298 1006 dum
1328 955 1524 1018 animo,
1565 973 1673 1018 ore,
1707 961 1760 1006 et
1785 972 1952 1005 manu
1975 949 2329 1019 implacabilis

403 1026 568 1088 saevit,
610 1027 787 1078 subito
815 1032 939 1078 ante
966 1045 1147 1094 equos,
1176 1027 1327 1095 quasi
1347 1027 1462 1094 jam
1488 1027 1800 1089 moriturUS,
1827 1026 2010 1087 immo,
2030 1031 2093 1075 ut
2112 1022 2328 1073 videba-

401 1102 509 1159 tur,
532 1098 646 1165 jam
666 1099 918 1162 moriens,
940 1098 1155 1149 decidit.
1234 1099 1372 1149 Cum
1395 1098 1538 1149 enim
1560 1099 1674 1149 sine
1693 1116 1820 1149 voce
1842 1104 1895 1149 et
1914 1102 2068 1147 motu
2088 1094 2332 1146 sensibus

401 1175 592 1220 exutus
646 1170 951 1232 haberetur,
1004 1171 1152 1221 velut
1205 1170 1320 1237 jam
1376 1170 1650 1237 exspirans
1700 1170 1935 1221 animam
1983 1168 2041 1218 in
2090 1166 2328 1218 medium

401 1241 700 1308 exponitur.
777 1243 913 1293 Tota
950 1242 1045 1293 illa
1086 1242 1275 1292 domus
1312 1260 1367 1293 se
1406 1249 1625 1309 repente
1659 1242 1717 1292 in
1749 1242 1958 1291 luctum
1985 1244 2328 1300 transmutat,

400 1319 587 1364 actura
610 1314 756 1365 illius
777 1314 1044 1382 exequiaS,
1065 1332 1224 1381 quem
1251 1314 1409 1381 paulo
1437 1320 1560 1365 ante
1580 1314 1849 1365 furentem
1867 1319 1920 1364 et
1946 1312 2327 1363 vociferantem

397 1384 485 1434 vix
511 1385 847 1438 toleraverat.
926 1386 1148 1449 Audito,
1174 1386 1509 1453 praepositUS,
1538 1387 1679 1454 quod
1715 1385 1959 1452 contigit,
1986 1384 2149 1434 misso
2182 1381 2332 1450 quasi

399 1456 465 1507 ad
508 1458 829 1510 morientem
869 1458 1054 1521 fratre,
1109 1476 1234 1509 cum
1280 1458 1384 1509 alio
1427 1477 1728 1521 remanens,
1773 1457 2037 1509 intentius
2080 1454 2326 1522 precibus

396 1528 582 1593 instat,
623 1536 676 1582 et
721 1549 818 1598 pro
862 1531 1044 1582 miseri
1085 1531 1256 1582 salute
1299 1530 1443 1582 beati
1488 1530 1777 1582 Cuthberti
1817 1529 2076 1581 auxilium
2111 1527 2328 1578 sedulus

395 1600 665 1668 implorat.
758 1604 888 1654 Post
934 1603 1147 1670 aliquod
1191 1603 1554 1665 intervallum,
1593 1604 1704 1654 vita
1746 1601 2007 1670 paulatim
2048 1600 2326 1661 redeunte,

396 1674 576 1725 oculos
603 1675 862 1742 aperienS,
901 1675 1046 1726 videt
1079 1676 1302 1726 fratrem
1339 1675 1440 1726 sibi
1476 1675 1723 1738 assidere,
1764 1681 1817 1726 et
1845 1675 1945 1725 “O
1973 1679 2129 1724 tuum
2159 1673 2323 1722 Sanc-

397 1749 431 1772 “
453 1747 627 1810 tum,''
666 1747 859 1815 inquit,
901 1752 935 1775 “
952 1748 1107 1798 illum
1133 1765 1319 1815 precor
1344 1766 1439 1814 pro
1465 1766 1551 1799 me
1579 1746 1916 1815 deprecare.’'
1993 1745 2161 1795 Paulo
2187 1748 2325 1811 post,

396 1817 577 1884 vigore
622 1820 841 1886 spiritus
886 1825 939 1870 et
981 1820 1214 1887 corporis
1255 1825 1485 1887 recepto,
1542 1820 1836 1871 secundum
1876 1817 2011 1868 illud
2058 1815 2326 1884 Sapientis

398 1890 572 1941 Stulto
604 1892 880 1959 flayellato
919 1893 1170 1958 insipiens
1196 1893 1486 1958 sapientior
1512 1893 1659 1955 erity
1699 1891 1891 1958 quibus
1918 1889 2176 1956 angulum
2204 1893 2328 1938 ante

394 1969 700 2028 negaverat,
742 1982 863 2015 cum
890 1969 1007 2014 tota
1042 1964 1201 2014 domo
1239 1982 1336 2014 sua
1377 1964 1562 2015 omnia
1599 1964 1826 2031 supplex
1861 1962 2054 2013 offerre
2092 1960 2327 2011 festinat.

395 2033 603 2085 Verum
644 2035 700 2086 id
743 2036 1129 2087 monachorum
1169 2035 1377 2087 meritis
1417 2036 1669 2087 accidisse
1707 2053 1865 2086 nemo
1896 2039 2067 2102 putet,
2107 2032 2199 2084 sed
2224 2032 2329 2083 Dei

395 2106 711 2158 confessoris
753 2108 1054 2159 reverentia
1097 2108 1286 2175 quanti
1330 2108 1493 2160 fuerit
1544 2108 1807 2170 habenda,
1858 2106 2185 2157 nescientem
2238 2104 2328 2171 pia

394 2177 693 2230 docuerunt
744 2180 972 2247 flagella.
1063 2180 1184 2231 Nec
1233 2198 1400 2231 mora.
1479 2181 1710 2232 Gestum
1759 2180 1818 2230 in
1869 2179 2028 2229 domo
2078 2176 2326 2245 pauperis

392 2250 594 2317 palatio
634 2251 874 2303 innotuit
917 2251 1076 2320 regis.
1171 2252 1426 2303 Relatum
1469 2270 1703 2320 namque
1748 2251 1814 2302 ab
1856 2268 1964 2301 uno
2009 2267 2193 2301 eorum
2236 2248 2329 2315 qui

391 2322 657 2387 interfuit,
703 2343 887 2392 regem
932 2331 985 2376 et
1028 2324 1196 2393 ipsius
1239 2324 1494 2392 primates
1543 2326 1601 2376 in
1645 2325 1750 2381 Dei
1798 2323 2016 2375 laudem
2061 2328 2114 2373 et
2158 2321 2324 2388 ipsius

392 2394 582 2445 famuli
607 2396 878 2448 laudanda
902 2397 1097 2448 merita
1123 2397 1357 2449 sustulit.

1308 2605 1409 2656 XI.

401 2711 662 2769 Quomodo
698 2716 978 2778 eyestatem
1001 2712 1348 2777 patientibus,
1375 2713 1577 2764 meritis
1605 2714 1791 2765 Sancti
1830 2713 2119 2775 Cuthberti,
2154 2713 2326 2764 multi-

738 2784 969 2834 tudinem
992 2785 1223 2850 piscium
1249 2802 1394 2835 mare
1419 2786 1663 2836 recedens
1688 2786 1978 2852 reliquerit.

502 2917 622 2968 Nec
655 2917 829 2967 multo
863 2922 1002 2984 post,
1036 2917 1180 2968 idem
1213 2936 1349 2985 pene
1385 2919 1528 2985 quod
1560 2918 1619 2968 in
1654 2936 1812 2969 carne
1836 2918 2018 2969 vivens
2055 2918 2324 2985 quondam

394 2989 738 3051 ostenderatf
787 2989 987 3039 nostris
1032 3007 1243 3057 quoque
1286 2990 1619 3057 temporibus
1660 2989 1948 3041 Confessor
1991 2990 2326 3041 venerandus

392 3060 713 3111 miraculum
739 3066 977 3111 renovat.
1043 3062 1176 3111 Erat
1202 3062 1445 3113 omnium
1470 3062 1737 3130 praecipua
1761 3061 2034 3112 Paschalis
2061 3062 2321 3113 festivitas

393 3133 450 3182 in
494 3132 736 3199 proximo
770 3132 969 3182 futura.
1049 3133 1156 3183 Sed
1196 3133 1321 3200 quia
1359 3152 1541 3185 rerum
1576 3133 1825 3201 angustia
1861 3133 2060 3185 mensis
2095 3134 2323 3184 fratrum

395 3204 770 3255 sufficientiam
809 3204 989 3254 minus
1015 3204 1294 3255 videbatur
1327 3205 1658 3272 promittere,
1699 3206 1875 3256 minus
1910 3205 2048 3256 forte
2074 3206 2132 3255 in
2157 3212 2324 3257 tantae

393 3275 769 3327 sollemnitatis
813 3275 1007 3343 gaudio
1041 3282 1290 3343 poterant
1329 3277 1432 3345 ipsi
1471 3277 1717 3344 gaudere.
1810 3278 1972 3329 Unde
2010 3278 2324 3345 praepositus

390 3354 736 3410 memoratus,
777 3353 832 3399 et
859 3347 967 3409 alii,
1008 3365 1236 3414 quorum
1261 3349 1317 3399 id
1348 3356 1462 3400 erat
1489 3350 1665 3412 officii,
1692 3350 1885 3401 fratres
1910 3350 1999 3417 pia
2025 3368 2152 3401 cura
2178 3350 2321 3400 solli-

392 3420 714 3482 citabantur,
753 3425 833 3483 ut,
874 3425 994 3487 post
1034 3419 1399 3472 observantias
1441 3421 1879 3489 Quadragesimae
1917 3421 2321 3488 uberior-iquo-

391 3510 601 3560 cunque
661 3491 852 3543 solatio
910 3491 1207 3543 imbecilles
1270 3500 1657 3545 recrearentur.
1750 3494 1827 3546 At
1876 3494 2049 3545 indies
2101 3493 2325 3561 penuria

799 3641 819 3665 ν
848 3633 974 3675 Prov.
997 3633 1082 3674 xix.
1103 3635 1170 3675 25.

802 3696 817 3712 ²
849 3689 925 3728 See
945 3689 1120 3740 chapter
1142 3689 1197 3731 xi.
1220 3691 1266 3729 of
1292 3690 1442 3731 Beda’s
1463 3691 1557 3732 Life
1578 3691 1624 3732 of
1650 3691 1873 3732 Cuthbert.
