2384 4126
898 404 1087 438 SANCTI
1127 403 1457 439 cU'rHBER'rI.
2036 391 2139 442 187

219 528 411 595 quibus
460 546 558 580 nec
601 529 731 580 dum
781 530 963 597 quales
1006 530 1235 581 fuissent
1279 530 1495 597 agnitiS,
1539 529 1763 581 meliora
1799 530 1927 581 satis
1979 550 2141 599 quam

219 601 421 651 veriora
470 601 595 652 ficta
654 602 1006 669 componebat
1061 602 1322 653 calliditas
1338 623 1352 664 3
1419 601 1685 668 fidemque
1749 602 2136 654 mentientibus

217 689 340 722 vera
378 673 647 739 praebebat
686 673 975 724 calamitas.
1055 674 1290 725 Habitus
1327 673 1644 724 miserabilis
1679 679 1732 724 et
1772 691 1945 724 sermo
1979 675 2136 741 lugu-

215 742 325 793 bris
390 744 453 794 ad
519 745 885 796 miserandum
942 745 1120 813 potius
1176 764 1337 813 quam
1389 745 1768 812 suspicandum
1818 747 2138 812 provocabat

215 814 503 867 intuentes,
578 816 782 868 Aderat
822 817 958 868 forte
994 823 1488 884 saepe-memoratus
1532 817 1767 868 ecclesiae
1804 818 2134 884 praepositus

219 886 424 938 Gerens
449 888 540 939 ille
567 888 902 955 diligentiam
928 889 1246 952 recreandis,
1287 889 1450 940 etiam
1474 906 1672 939 mensae
1707 906 1816 939 suae
1852 889 2134 956 participes

217 958 477 1010 adhibuit.
555 960 624 1010 In
665 961 782 1010 aliis
817 978 1026 1028 quoque
1068 979 1123 1012 se
1161 961 1436 1011 liberalem
1463 961 1592 1011 satis
1630 967 1684 1011 et
1721 960 2020 1011 humanum
2046 979 2134 1012 ex-

216 1029 408 1082 hibuit.
486 1031 777 1083 Fluxerant
817 1033 929 1083 dies
969 1050 1078 1083 non
1121 1032 1293 1099 pauci,
1340 1050 1478 1095 cum,
1520 1031 1671 1084 ecce!
1727 1033 1974 1083 secundis
2019 1039 2137 1084 acta

215 1101 445 1165 flatibus,
485 1104 742 1167 oneraria,
782 1111 835 1155 et
860 1104 975 1171 ipsa
1009 1104 1243 1155 ecclesiae
1280 1104 1494 1171 propria
1518 1105 1684 1167 naviS,
1711 1104 1841 1155 111110
1867 1104 2134 1168 allabitur,

214 1173 309 1224 ubi
334 1180 525 1226 nautas
550 1175 689 1243 ipsos
717 1176 773 1226 in
799 1183 1070 1244 stuporem
1097 1182 1149 1227 et
1170 1176 1415 1228 laetitiam
1440 1194 1524 1227 res
1551 1176 1827 1243 inopinata
1854 1177 2133 1228 convertit.

217 1245 366 1297 Quos
423 1247 565 1297 enim
622 1248 765 1298 fama
820 1248 1151 1299 crudelitatis
1206 1248 1448 1315 cognitos
1503 1248 1596 1299 diu
1645 1248 1982 1315 multumque
2034 1248 2136 1299 sibi

214 1317 522 1382 timuerant,
565 1319 693 1370 illuc
733 1320 1034 1387 praemissos
1074 1326 1375 1371 metuentes
1411 1320 1583 1387 magis
1624 1338 1785 1387 quam
1815 1321 2134 1371 metuendos

212 1388 510 1441 inveniunt.
589 1392 726 1442 Cum
754 1392 944 1443 deinde
971 1392 1266 1443 salutantes
1295 1392 1607 1459 praepositus
1634 1393 1746 1459 ipse
1772 1392 2130 1456 resalutasset,

214 1464 248 1487 “
269 1462 501 1514 Domine
517 1463 553 1485 '’
584 1463 854 1530 inquiunt,
891 1468 925 1491 “
947 1463 1098 1515 ecce!
1139 1464 1357 1531 piratas,
1400 1470 1453 1515 et
1485 1464 1719 1515 ecclesiae
1751 1465 1903 1532 cujus
1943 1482 1998 1515 es
2031 1465 2131 1515 mi-

212 1536 247 1559 “
266 1533 434 1584 nister
459 1535 700 1602 suscipis,
722 1535 885 1598 foveS,
908 1542 960 1586 et
983 1536 1317 1603 amplecteris
1335 1535 1516 1586 hostes
1537 1535 1546 1585 !
1613 1537 1752 1587 Ecce
1772 1535 1781 1586 ἒ
1816 1536 1966 1586 navis
1984 1536 2130 1586 illius

211 1607 247 1631 “
268 1611 322 1656 et
348 1606 587 1657 omnium
616 1625 746 1673 quas
771 1607 920 1658 navis
948 1607 1094 1658 vobis
1122 1607 1416 1658 advehebat
1440 1625 1620 1659 rerum
1646 1607 1939 1674 praedones.
2006 1608 2132 1675 Ipsa

210 1680 243 1703 “
264 1677 375 1727 vita
416 1678 666 1745 indignos
714 1679 936 1746 indigne
979 1685 1132 1729 tanta
1180 1679 1516 1730 humanitate
1565 1679 1819 1745 dignaris.
1917 1679 2131 1730 Horum

211 1752 245 1775 “
267 1749 477 1800 sceleris
520 1750 707 1812 socios,
750 1757 811 1801 ut
852 1751 953 1817 ipsi
989 1750 1155 1801 oculis
1191 1750 1549 1817 probavimus,
1588 1751 2000 1802 ferrocaedente
2040 1751 2129 1802 ab-

209 1823 243 1848 “
266 1821 492 1888 sumpsit
536 1821 802 1873 interitus
880 1822 982 1873 Isti
1017 1822 1083 1873 ad
1123 1822 1224 1873 hoc
1265 1822 1442 1889 ipsum
1481 1822 1681 1889 ubique
1725 1823 2125 1890 perquiruntur.

209 1895 244 1919 “
264 1892 392 1942 Non
435 1910 560 1960 ergo
595 1893 861 1962 injustum
891 1894 1149 1957 videatur,
1193 1900 1253 1945 ut
1292 1894 1481 1945 mortis
1515 1912 1660 1945 nunc
1699 1894 1970 1945 socientur
2008 1913 2126 1946 sen-

207 1967 242 1990 “
262 1963 451 2027 tentia,
494 1983 624 2032 quos
668 1966 852 2017 eadem
894 1966 1184 2017 sociaverat
1222 1966 1486 2017 malitia.''
1566 1967 1669 2018 His
1707 1966 1789 2016 illi
1834 1967 1963 2034 quid
2004 1985 2127 2018 con-

204 2036 555 2088 trahiscerent
581 2055 691 2088 non
718 2038 993 2101 habenteS,
1033 2038 1369 2105 diriguerunt
1404 2044 1570 2101 metu,
1607 2057 1826 2090 suorum
1853 2045 2126 2106 gementes

205 2113 259 2158 et
303 2126 459 2158 suum
502 2127 627 2160 mox
666 2110 947 2161 interitum
987 2110 1314 2177 suspicantes
1333 2132 1347 2173 3
1390 2117 1443 2162 et
1487 2112 1602 2178 jam
1642 2110 1932 2162 cervicibus
1981 2112 2126 2162 ultor

205 2179 413 2246 gladius
433 2180 798 2248 impendisset,
825 2182 930 2232 nisi
949 2182 1053 2233 loci
1072 2182 1239 2249 ipsius
1260 2183 1573 2245 reverentia,
1600 2188 1855 2250 praeterea
1880 2188 1933 2234 et
1959 2183 2123 2250 ipsius

202 2252 472 2318 praepositi
515 2254 816 2319 praesentia,
860 2254 915 2304 id
955 2254 1329 2320 prohibuisset.
1422 2255 1531 2317 Illi,
1578 2255 1721 2321 quod
1765 2255 1932 2305 solam
1977 2273 2125 2322 spem

203 2323 390 2374 salutis
414 2324 701 2388 habebant,
724 2326 837 2393 ejus
863 2326 1084 2392 pedibus
1113 2326 1365 2389 advoluti,
1387 2326 1554 2376 vitam
1580 2327 1682 2377 sibi
1707 2326 1895 2377 donari
1920 2326 2123 2378 flebiles

200 2394 506 2461 implorant.
587 2397 689 2447 His
715 2398 980 2460 omnibus,
1013 2398 1121 2460 ille,
1150 2398 1395 2464 cognitis,
1430 2398 1663 2449 mirandi
1687 2398 1852 2465 patris
1880 2398 2124 2449 miranda

203 2467 542 2518 considerans
561 2468 768 2531 merita,
790 2469 1080 2520 vindictam
1100 2475 1153 2520 et
1172 2470 1422 2521 vindictae
1441 2470 1662 2520 modum
1687 2488 1901 2537 pavens,
1923 2476 2120 2538 stupet,

201 2544 254 2588 et
281 2544 499 2606 stupens
525 2547 698 2606 pavet.
776 2541 1010 2592 Miratur
1034 2541 1192 2608 plane
1217 2542 1364 2608 prius
1386 2541 1649 2593 ultionem
1673 2541 1883 2610 injuriae
1904 2542 2119 2605 factam,

203 2628 361 2676 quam
402 2611 657 2679 injuriam
697 2612 861 2664 fuisse
902 2614 1207 2680 cognitam,
1248 2613 1394 2680 prius
1429 2620 1637 2665 coactos
1673 2614 1819 2664 velut
1858 2614 1924 2665 ad
1962 2632 2121 2665 suum

194 2682 460 2749 judicium
510 2701 644 2747 reos,
701 2703 860 2751 quam
911 2704 966 2736 se
1016 2703 1171 2736 nosse
1229 2692 1455 2737 reatum.
1547 2685 1854 2752 Cogebatur
1901 2686 2120 2737 interim

201 2753 490 2817 advertere,
531 2773 626 2806 cur
664 2775 758 2823 per
796 2762 949 2808 tanta
987 2757 1158 2824 spatia
1197 2775 1307 2807 non
1349 2757 1455 2807 nisi
1490 2758 1557 2808 ad
1589 2757 1645 2808 id
1678 2758 1782 2808 loci
1808 2757 1991 2808 noxios
2019 2758 2118 2807 im-

199 2825 398 2892 pulerit
438 2845 583 2878 mare
602 2850 617 2890 3
657 2829 917 2892 videlicet,
958 2835 1019 2879 ut
1061 2830 1211 2897 cujus
1249 2829 1482 2880 ecclesiae
1517 2829 1730 2897 propria
1756 2829 2118 2896 abripuerant,

198 2897 406 2949 diverso
438 2899 584 2949 exitu
617 2900 674 2950 in
710 2901 822 2967 ejus
851 2900 1083 2952 ecclesiae
1116 2907 1437 2968 potestatem
1472 2901 1575 2968 ipsi
1606 2908 1659 2953 et
1686 2920 1782 2952 sua
1807 2902 2115 2953 transirent.

199 2970 358 3020 Hanc
403 2971 595 3038 quippe
639 2972 915 3023 ecclesiam
959 2973 1246 3024 Confessor
1285 2973 1548 3040 egregius,
1601 2973 1659 3023 in
1709 2991 1867 3024 carne
1918 2974 2117 3024 caelesti

196 3041 392 3104 vivenS,
430 3045 828 3095 conversatione
864 3051 918 3095 et
953 3045 1033 3095 sui
1069 3045 1384 3112 praesulatus
1418 3045 1583 3112 apice,
1623 3052 1891 3112 postremo
1919 3045 2001 3096 sui
2035 3045 2117 3096 in-

195 3114 432 3181 corrupti
473 3116 707 3182 corporis
750 3116 849 3167 sibi
889 3117 1163 3184 sepultura
1205 3117 1548 3168 consecravit.
1630 3117 1733 3168 His
1778 3117 1947 3184 igitur
1992 3117 2115 3168 sub-

195 3184 362 3236 tiliter
388 3186 658 3253 inspectis,
679 3189 867 3239 anxius
894 3189 1170 3251 aestuabat,
1192 3189 1317 3256 quia
1342 3207 1369 3240 6
1391 3189 1597 3240 duobus
1624 3189 1753 3256 quid
1777 3189 2118 3256 potissimum

197 3255 416 3322 eligeret
455 3258 690 3310 incertus
732 3261 1044 3323 fluctuabat,
1088 3261 1234 3311 Hinc
1269 3261 1411 3311 enim
1451 3261 1765 3328 praedonum
1792 3267 1997 3328 spectat
2023 3279 2115 3312 ne-

196 3328 438 3394 quitiam,
477 3329 627 3380 illinc
654 3332 962 3383 eorumdem
989 3332 1307 3383 afflictorum
1342 3333 1629 3384 miseriam.
1709 3333 1855 3383 Hinc
1882 3332 2117 3383 ecclesiae

194 3398 466 3465 injuriam,
524 3401 673 3452 illinc
721 3410 911 3469 pensat
964 3404 1176 3471 injuriae
1226 3404 1536 3456 vindictam.
1633 3405 1702 3455 In
1751 3422 1860 3455 uno
1904 3403 2119 3471 justitia

194 3471 546 3534 severitatem,
596 3473 655 3522 in
699 3474 865 3525 altero
915 3475 1084 3542 pietas
1128 3476 1382 3527 suadebat
1422 3476 1716 3527 lenitatem.
1812 3476 2117 3540 Utrumque

194 3558 353 3592 causa
396 3543 657 3609 exigebat,
716 3545 808 3596 sed
853 3546 1014 3597 simul
1057 3553 1346 3615 utrumque
1391 3547 1603 3598 difficile
1653 3545 1892 3613 putabat.
1968 3546 2117 3596 Vicit

193 3618 376 3664 tamen
412 3616 837 3681 super-exaltans
875 3636 930 3668 se
963 3618 1167 3685 judicio
1202 3619 1583 3682 misericordia,
1624 3618 1749 3685 quia
1775 3635 1904 3684 quos
1930 3617 2116 3679 maria,

192 3685 356 3748 venti,
385 3703 564 3737 rerum
602 3687 813 3751 damna,
852 3688 1078 3751 labores,
1107 3691 1223 3742 Deo
1250 3690 1572 3751 vindicante,
1613 3689 1926 3751 afflixerant,
1955 3688 2119 3755 affligi
