2384 4126
792 425 980 458 SANCTI
1020 424 1352 458 CUTHBERTI.
1924 411 2021 460 181

107 552 212 604 1001
252 553 503 604 firmitate
542 550 859 618 ingreditur.
939 550 1046 601 Hic
1085 551 1227 602 enim
1261 551 1411 602 locus
1442 550 1507 601 ab
1542 551 1762 602 orientis
1790 551 1946 618 plaga
1972 558 2025 602 et

111 625 484 692 septentrionis
525 623 783 674 altissima
827 641 985 690 supra
1028 640 1287 673 oceanum
1329 640 1461 690 rupe
1512 640 1566 673 se
1606 623 2027 674 inaccessibilem

109 696 324 763 praebet,
371 695 498 747 alibi
537 713 659 746 vero
705 694 813 745 situ
852 694 1029 745 altiori
1067 694 1212 745 facili
1252 694 1558 745 defensione
1601 694 1825 761 indiget.
1904 695 2026 745 Hoc

110 768 200 818 ille
243 767 487 835 praesidio
531 773 585 818 et
629 766 851 833 probata
893 766 1128 816 militum
1171 784 1334 816 manu
1380 767 1625 829 confisus,
1664 766 1824 833 longe
1863 766 2027 816 alium

111 856 269 905 quam
312 857 397 891 res
437 839 686 889 habitura
736 843 850 888 erat
900 838 1001 889 sibi
1051 843 1105 888 et
1154 837 1400 888 hostibus
1449 839 1611 889 finem
1660 837 2024 905 promittebat.

109 910 285 961 Biduo
320 911 459 962 enim
498 910 772 961 obsidione
809 909 966 972 facta,
1007 909 1204 972 hosteS,
1247 916 1340 960 aut
1379 909 1626 960 vincendi
1667 915 1759 960 aut
1804 909 2028 960 cadendi

109 982 303 1046 animo,
342 982 566 1049 desuper
591 987 891 1048 pugnantes
917 981 1056 1032 ferro
1083 987 1136 1032 et
1167 981 1395 1032 flammis
1430 982 1832 1048 aggrediuntur.
1909 982 2028 1032 Nec
2065 1033 2068 1036 ,

110 1071 274 1105 mora.
353 1055 556 1105 Locum
584 1053 852 1104 difficilem
879 1053 972 1104 sed
1001 1071 1111 1103 non
1137 1052 1349 1104 difficile
1377 1054 1611 1121 capiunt.
1687 1053 1858 1104 Nullo
1884 1053 2029 1104 enim

111 1125 192 1176 sui
228 1126 549 1177 detrimento
582 1125 957 1192 irrumpentes,
998 1125 1127 1175 alios
1164 1125 1504 1188 obtruncant,
1546 1125 1676 1176 alios
1703 1125 2029 1177 vulnerando

110 1197 411 1261 debilitant,
449 1197 683 1264 rapiunt,
710 1197 951 1259 trahunt,
977 1197 1256 1264 ipsumque
1293 1197 1577 1260 Comitem,
1609 1197 1949 1248 vulneratum
1978 1204 2031 1248 et

106 1270 219 1337 jam
253 1270 372 1321 vitae
406 1270 751 1331 diffidentem,
783 1269 840 1319 in
875 1268 1153 1320 ecclesiam
1185 1269 1527 1336 compellunt.
1606 1270 1653 1320 O
1684 1271 1893 1337 justum
1929 1269 2032 1320 Dei

104 1341 398 1410 judicium!
452 1343 607 1403 Ecce,
634 1347 695 1391 ut
723 1340 999 1407 Scriptura
1026 1340 1186 1403 canit,
1207 1342 1271 1391 In
1292 1342 1530 1407 operibus
1555 1360 1798 1393 manuum
1817 1360 2032 1393 suarum

114 1415 506 1479 comprehensus
532 1419 608 1464 est
623 1411 925 1479 peceatorst
1011 1413 1101 1475 Et,
1138 1412 1336 1464 Lacum
1363 1415 1567 1479 aperuit
1603 1419 1652 1464 et
1687 1414 1868 1480 effodit
1902 1431 2030 1464 eum.

112 1487 201 1548 Et,
223 1486 419 1536 Incidit
438 1486 494 1536 in
506 1484 717 1550 foveam
739 1502 892 1550 quam
906 1483 1075 1549 fecit.²'
1128 1484 1196 1535 In
1217 1485 1402 1535 eadem
1424 1490 1565 1535 certe
1592 1485 1813 1536 ecclesia
1840 1486 2033 1536 Comes

114 1557 227 1624 ipse
271 1575 414 1607 nunc
458 1556 635 1624 praeda
678 1556 904 1606 efficitur
952 1555 1197 1607 hostibus
1249 1573 1408 1623 quam
1456 1556 1622 1623 ipsius
1666 1557 1723 1607 in
1775 1558 2033 1608 Sanctum

115 1629 474 1680 Cuthbertum
526 1627 955 1696 praesumptionis
1005 1628 1237 1694 praedam
1288 1629 1695 1694 supradiximus.
1790 1629 1859 1679 In
1902 1629 2032 1695 ipsa,

114 1701 351 1768 inquam,
407 1718 567 1767 quam
608 1699 918 1766 superbiens
965 1700 1164 1750 Sancto
1213 1706 1480 1766 rapuerat,
1526 1718 1670 1750 nunc
1714 1700 2034 1751 miserabilis

114 1773 226 1839 ipse
252 1772 472 1839 rapitur,
505 1771 755 1833 trahitur,
796 1777 849 1821 et
877 1770 942 1821 ad
968 1789 1166 1837 regern,
1208 1772 1359 1838 cujus
1385 1777 1615 1822 mortem
1640 1772 1750 1822 vita
1777 1772 2035 1822 cariorem

113 1844 351 1907 haberet,
414 1842 723 1910 perducitur
741 1863 755 1905 3
821 1842 1084 1909 hodieque
1139 1842 1197 1892 in
1247 1843 1473 1893 vinculis
1531 1843 1784 1902 custodiae
1836 1844 2035 1894 manci-

115 1922 289 1983 patur.
370 1915 472 1966 His
512 1914 591 1965 ita
636 1914 815 1981 gestis,
857 1914 1317 1965 considerantibus
1355 1915 1497 1965 idem
1533 1915 1681 1966 locus
1716 1916 1774 1965 in
1807 1921 2035 1982 utroque

114 1987 421 2038 manifestat
457 2004 670 2037 causam
708 2002 905 2053 poenae,
946 1986 1040 2036 ubi
1075 1986 1218 2037 enim
1257 1987 1454 2037 Sancto
1489 1987 1741 2054 injuriam
1775 1987 2033 2050 fecerunt,

113 2059 189 2110 ibi
230 2065 282 2110 et
322 2058 530 2126 injuriae
573 2058 872 2109 mercedem
909 2058 1123 2125 utrique
1164 2065 1493 2126 receperunt.
1573 2059 1660 2110 Ibi
1690 2060 1786 2110 uni
1819 2060 2037 2110 morbus

115 2131 322 2194 mortis,
375 2130 451 2181 ibi
496 2130 651 2181 alteri
692 2129 949 2180 damnum
993 2131 1223 2181 occurrit
1263 2131 1428 2181 totius
1471 2131 1704 2182 honoris.
1797 2132 1885 2182 Ita
1929 2150 2037 2182 una

117 2202 393 2254 ecclesiola
417 2202 574 2253 beato
601 2202 898 2252 Cuthberto
935 2202 1142 2253 ablata:
1185 2202 1320 2253 alter
1345 2203 1528 2265 vitam,
1570 2203 1705 2254 alter
1729 2221 1839 2253 non
1864 2203 2036 2254 solum

116 2274 328 2324 divitias
354 2279 407 2325 et
432 2274 678 2336 honores,
718 2273 811 2324 sed
850 2273 1030 2336 etiam,
1070 2274 1211 2341 quod
1241 2274 1325 2324 his
1352 2275 1599 2325 omnibus
1636 2275 1801 2342 pluris
1829 2275 2035 2337 habuit,

117 2346 350 2413 corporis
376 2345 677 2396 libertatem
706 2344 899 2396 amisit.

993 2558 1159 2609 XIII.

124 2666 383 2726 Quomodo
412 2666 630 2717 clericus
643 2663 963 2731 febricitans
971 2667 1064 2803 fd
1088 2666 1313 2747 tombam
1340 2668 1497 2718 Beati
1523 2668 1791 2720 Cuthberti
1817 2677 2038 2723 sanatus

1008 2744 1160 2789 uerit.

225 2852 370 2902 Ante
396 2868 505 2901 non
530 2850 763 2900 multum
789 2850 1061 2917 temporiS,
1082 2851 1147 2901 de
1168 2851 1411 2918 sepulcro
1432 2852 1541 2915 illo,
1571 2854 1714 2920 quod
1734 2855 2036 2922 depositum

118 2930 291 2975 servat
317 2923 555 2974 thesauri
590 2922 833 2985 caelestis,
876 2922 1095 2972 solitum
1130 2924 1398 2974 emanavit
1424 2925 1740 2976 miraculum
1771 2928 2033 2979 sanitatis.

121 2995 397 3062 Siquidem
424 2995 563 3061 apud
589 2994 867 3044 Australes
895 2995 1102 3061 Anglos
1136 2995 1353 3062 quidam
1380 3014 1444 3046 ex
1471 2997 1657 3048 ordine
1684 2999 1811 3049 cleri
1836 3002 2036 3051 multos

118 3068 319 3118 honore
371 3066 676 3133 praecellens
720 3066 1033 3132 gravissima
1072 3067 1217 3117 febre
1263 3068 1564 3134 corripitur,
1618 3088 1735 3136 quae
1780 3071 2035 3124 diuturno

119 3140 439 3190 exhaustum
467 3138 708 3188 cruciatu
741 3138 994 3188 miserum
1034 3156 1222 3205 corpus
1265 3140 1584 3205 depascitur.
1661 3142 1779 3192 Nec
1806 3144 2037 3195 sollicita

117 3211 199 3260 illi
224 3210 554 3261 medicorum
580 3227 706 3260 cura
733 3209 929 3272 deerat,
967 3228 1102 3276 quae,
1143 3229 1233 3277 spe
1260 3211 1602 3277 praemiorum
1628 3213 1869 3277 invitata,
1898 3216 2035 3266 nihil

120 3300 230 3333 suae
258 3282 385 3331 artis
414 3281 678 3331 curationi
711 3299 822 3331 non
861 3281 1221 3348 impendebat.
1299 3283 1504 3333 Verum
1545 3285 1696 3335 nulla
1735 3287 2036 3337 medicandi

120 3353 293 3419 specie
309 3353 393 3402 vel
417 3352 573 3402 leniri
600 3353 934 3418 aliquatenus
955 3353 1201 3403 molestia
1226 3360 1453 3420 poterat,
1483 3356 1568 3405 cui
1589 3375 1682 3422 per
1708 3359 2034 3408 contrarium

117 3424 383 3475 medicina
408 3441 501 3490 per
527 3423 638 3473 dies
666 3430 1014 3489 augmentum
1040 3425 1326 3491 praebebat.
1387 3427 1527 3476 Cum
1552 3427 1719 3494 igitur
1744 3430 2034 3495 desperatis

116 3495 335 3546 medicis
362 3494 573 3544 nullum
597 3495 819 3545 remedii
846 3513 1012 3561 genus
1039 3497 1339 3563 excogitare
1375 3499 1648 3564 quivisset,
1692 3500 1856 3550 solam
1886 3518 2034 3566 spem

118 3567 307 3618 salutis
346 3565 551 3629 habuit,
595 3565 640 3615 si
679 3565 922 3616 tumbam
961 3567 1259 3636 incorrupti
1294 3569 1528 3636 corporis
1566 3570 1710 3620 beati
1751 3571 2036 3622 Cuthberti

501 3710 517 3734 ἢ
548 3711 688 3751 Psahn
708 3710 763 3752 ix,
787 3714 850 3753 16.
1294 3715 1302 3739 f
1331 3715 1471 3755 Psalm
1492 3715 1561 3756 vii.
1585 3718 1648 3757 16.
