2384 4126
365 350 435 400 96
982 367 1253 401 SYMonrs
1295 366 1685 401 DUNELMENSIS

367 491 470 543 sibi
497 492 756 545 exhibuit.
835 494 987 545 Inter
1012 494 1128 546 haec
1155 494 1285 545 satis
1311 512 1575 562 superque
1602 493 1910 544 abundabat
1935 492 2113 555 rebUS,
2152 491 2293 558 regis

365 564 708 632 virorumque
728 565 993 616 nobilium
1013 567 1281 634 largitate,
1303 565 1760 634 proaffiuentibus.
1820 563 2296 632 Compungebatur

368 654 507 703 saepe
535 637 744 688 animus
772 638 919 689 illius
946 638 1012 689 ad
1041 645 1406 705 contemptum
1437 639 1642 700 mundi,
1680 644 1750 701 et,
1790 637 1884 688 ubi
1909 642 2136 704 poterat,
2166 653 2290 686 con-

365 708 502 759 vivia
527 709 831 760 laetantium
857 710 1133 761 declinans
1160 711 1412 761 solitariis
1439 711 1737 761 delectatur
1761 710 1818 760 in
1844 708 2096 772 lacrimis,
2133 725 2290 758 orans

366 780 544 831 Deum
572 788 634 832 ut
661 799 785 833 eum
812 782 1066 849 dirigeret
1091 782 1148 832 in
1167 782 1309 833 viam
1330 782 1535 833 salutis.
1604 782 1709 833 Sed
1735 781 1859 849 quia
1883 780 2133 847 religiosa
2153 779 2290 830 desi-

367 852 513 903 deria
534 853 663 904 dum
690 853 1013 905 differuntur
1035 872 1172 921 saepe
1193 860 1492 917 mutantur,
1522 853 1698 905 abillo
1725 859 1870 904 statu
1889 851 2148 920 paulatim
2177 851 2290 901 ani-

364 942 485 975 mus
512 925 797 989 defluebat,
839 943 997 993 quem
1019 926 1329 994 jocunditas
1356 926 1537 977 saeculi
1563 944 1627 977 ex
1663 943 1909 977 successu
1934 942 2113 975 rerum
2142 923 2208 974 ad
2236 941 2290 974 se

361 997 626 1048 trahebat.
708 997 815 1048 Sed
851 997 976 1064 quia
1011 997 1270 1048 invitatus
1311 1005 1499 1065 sponte
1525 998 1706 1049 venire
1736 997 1929 1059 noluit,
1973 995 2291 1064 quandoque

363 1069 668 1136 compulsus
713 1068 932 1120 domum
975 1069 1200 1120 caelestis
1243 1069 1651 1120 Patrisfamilias
1694 1069 1931 1119 intravit.
2024 1069 2152 1118 Post
2196 1067 2289 1118 aliss

363 1147 493 1207 quot
536 1158 770 1208 namque
813 1157 981 1191 annos
1022 1140 1252 1207 patriam
1293 1158 1416 1191 cum
1454 1141 1627 1191 multa
1664 1141 1890 1207 pecunia
1923 1139 2288 1206 renavigabat,

362 1212 455 1262 sed
498 1212 675 1263 medio
712 1212 770 1261 in
802 1212 939 1262 mari
972 1212 1096 1262 navi
1130 1212 1415 1279 praevalida
1443 1218 1765 1280 tempestate
1792 1211 2068 1274 dissoluta,
2107 1229 2288 1262 rerum

359 1283 602 1334 omnium
632 1284 898 1351 jacturam
938 1284 1287 1350 pereuntibus
1319 1283 1475 1334 sociis
1502 1283 1738 1347 sustulit,
1779 1284 1946 1334 solam
1972 1283 2136 1334 vitam
2165 1300 2287 1333 cum

360 1355 595 1423 quinque
629 1356 714 1407 vel
754 1373 844 1406 sex
884 1356 999 1406 aliis
1040 1356 1127 1406 vix
1166 1374 1289 1407 cum
1319 1356 1493 1407 multo
1518 1356 1701 1407 labore
1728 1355 1971 1407 servavit.
2047 1354 2286 1406 Veniens

360 1428 694 1479 Dunelmum
743 1427 810 1478 ad
850 1427 1166 1491 orationem,
1206 1428 1493 1479 Walchero
1540 1428 1785 1495 episcopo
1830 1427 2012 1479 omnia
2057 1426 2197 1477 circa
2232 1445 2286 1478 se

359 1506 479 1550 acta
529 1500 790 1567 exposuit,
833 1505 886 1551 et
937 1502 1062 1567 quia
1112 1500 1430 1552 monachilis
1479 1500 1736 1567 propositi
1788 1500 2028 1551 animum
2080 1505 2288 1567 gereret

358 1571 631 1623 indicavit.
712 1572 872 1624 Quod
915 1572 1192 1640 episcopus
1232 1573 1360 1623 satis
1398 1572 1641 1624 hilariter
1673 1572 1919 1639 suscepit,
1959 1571 2288 1638 mittensque

359 1644 425 1694 ad
476 1644 836 1706 Aldvvinum,1²
892 1644 956 1695 de
1009 1663 1113 1711 quo
1174 1644 1542 1712 supradictum
1600 1651 1700 1708 est,
1758 1644 2036 1707 “Hunc,”
2090 1643 2285 1710 inquit,

359 1719 392 1743 “
415 1716 585 1767 filium
612 1735 793 1768 meum
820 1734 1007 1784 precor
1033 1723 1086 1768 et
1106 1717 1271 1785 jubeo
1298 1717 1572 1784 suscipiaS,
1597 1724 1756 1784 atque
1783 1716 2073 1767 monachili
2099 1716 2288 1766 habitu

357 1788 666 1838 “indutum
708 1788 849 1839 viam
890 1806 1099 1856 quoque
1139 1789 1493 1840 monachilem
1538 1807 1745 1840 servare
1783 1788 2031 1839 doceas.’'
2110 1788 2284 1840 Quem

356 1867 664 1927 susceptum
715 1860 807 1911 ille
857 1861 1175 1927 regulariter
1218 1861 1480 1928 probavit,
1532 1869 1585 1912 et
1635 1861 1859 1928 probato
1909 1859 2285 1910 monachicum

357 1933 678 2000 quandoque
729 1932 975 1983 habitum
1027 1933 1268 1996 tradidit,
1323 1942 1482 2000 atque
1532 1933 1610 1984 ita
1659 1932 1822 1984 verbo
1871 1932 2180 1983 informavit
2231 1938 2286 1982 et

356 2005 618 2072 exemplo,
673 2010 733 2055 ut
775 2004 949 2056 eidem
991 2005 1264 2067 defuncto,
1316 2005 1543 2073 jubente
1592 2005 1868 2055 Willelmo
1920 2004 2181 2071 episcopo,
2227 2003 2286 2054 in

355 2076 738 2128 Dunelmensis
798 2077 1035 2128 ecclesiae
1091 2077 1400 2128 succederet
1456 2077 1780 2139 Prioratum,
1846 2094 2005 2144 quem
2069 2094 2164 2143 per
2214 2094 2284 2126 xx

354 2167 522 2199 annos
574 2155 790 2200 strenue
842 2149 1275 2211 amministravit,
1315 2149 1385 2217 xij
1442 2149 1627 2200 diebus
1681 2149 1894 2211 minus,
1953 2166 2093 2199 anno
2139 2148 2283 2199 enim

354 2221 691 2288 episcopatus
733 2221 1006 2283 Rannulfi,
1049 2221 1139 2288 qui
1184 2221 1461 2272 Willelmo
1497 2221 1770 2283 successit,
1810 2220 1920 2288 viij,
1961 2221 2284 2287 impetrante

352 2293 662 2344 Alexandro
689 2311 813 2360 rege
842 2294 1170 2355 Scottorum,
1212 2293 1277 2344 ab
1308 2293 1547 2344 Henrico
1573 2311 1700 2360 rege
1727 2293 2029 2359 Anglorum
2057 2293 2279 2342 assumi-

357 2371 449 2415 tur
476 2365 542 2416 ad
570 2365 937 2433 episcopatum
964 2365 1201 2417 ecclcsiae
1228 2366 1414 2416 Sancti
1454 2366 1686 2417 Andreae
1724 2365 1781 2415 in
1821 2365 2026 2416 Scottia
2041 2386 2055 2427 3
2096 2364 2153 2414 in
2180 2382 2285 2431 qua

354 2444 437 2488 est
464 2437 613 2489 sedes
648 2437 893 2505 primatis
928 2438 1095 2489 totius
1137 2438 1312 2505 gentis
1343 2439 1668 2489 Scottorum.
1748 2437 1854 2488 Sed
1880 2455 1974 2504 per
2000 2455 2201 2487 annum
2231 2443 2284 2487 et

354 2527 415 2560 eo
444 2509 672 2577 amplius
699 2509 867 2560 dilata
894 2516 973 2561 est
1001 2511 1115 2577 ejus
1147 2510 1415 2561 ordinatio
1449 2517 1667 2578 propter
1692 2509 2050 2561 dissensiones
2077 2508 2279 2559 Ebora-

352 2582 524 2633 censis
571 2582 806 2633 ecclesiae
852 2588 1010 2649 atque
1056 2583 1293 2634 ecclesiae
1340 2582 1527 2633 Sancti
1568 2582 1802 2633 Andreae
1848 2581 2083 2632 Scotiaefl
2178 2581 2282 2632 Illa

430 2696 452 2720 Ρ
481 2688 566 2729 We
583 2689 702 2729 learn
722 2688 831 2729 from
851 2689 925 2729 the
944 2688 1141 2729 Durham
1168 2689 1349 2742 History
1370 2689 1466 2729 that
1496 2689 1662 2741 Turgot
1691 2688 1865 2729 entered
1884 2689 1958 2729 the
1978 2689 2221 2740 monastery
2240 2688 2287 2728 of

351 2743 382 2784 J
385 2756 518 2783 arrow
538 2745 676 2784 under
694 2744 769 2784 the
789 2744 979 2795 auspices
999 2744 1045 2784 of
1070 2744 1230 2796 Bishop
1250 2745 1466 2794 Walcher,
1498 2745 1577 2784 but
1597 2745 1671 2785 the
1696 2744 1946 2796 particulars
1967 2744 2013 2784 of
2037 2743 2104 2784 his
2118 2756 2280 2784 recom-

351 2798 598 2839 mendation
619 2811 689 2839 are
709 2801 786 2839 not
806 2799 926 2839 there
946 2801 1009 2839 set
1030 2799 1158 2849 forth,
1188 2812 1233 2839 as
1252 2799 1298 2839 in
1319 2800 1393 2839 the
1413 2801 1505 2839 text
1524 2799 1664 2840 before
1685 2812 1748 2840 us.

433 2860 450 2884 ⁹
477 2853 737 2904 Respecting
756 2854 874 2894 these
894 2854 1049 2906 delays,
1080 2867 1146 2894 see
1165 2854 1362 2904 Eadmer,
1394 2854 1509 2895 Hist.
1535 2854 1773 2895 Novorum.
1833 2854 1894 2894 'ro
1916 2853 2081 2894 obviate
2101 2853 2176 2894 the
2196 2853 2278 2893 dif-

351 2908 500 2960 ficulty
520 2908 681 2959 arising
711 2908 821 2948 from
850 2909 924 2950 the
953 2909 1351 2950 non-consecration
1373 2909 1419 2949 of
1444 2910 1517 2949 the
1532 2909 1782 2960 archbishop
1803 2910 1849 2949 of
1873 2909 2006 2958 York,
2036 2909 2109 2949 the
2129 2908 2279 2960 bishop

353 2963 400 3003 of
413 2963 624 3013 Durham,
640 2963 806 3003 Ranulf
817 2963 1056 3014 Flambard‚
1072 2965 1274 3015 proposed
1290 2964 1385 3003 that
1401 2964 1567 3015 Turgot
1583 2964 1734 3004 should
1748 2966 1800 3004 be
1812 2964 2081 3004 consecrated
2095 2964 2151 3015 by
2167 2963 2279 3004 him-

351 3018 432 3059 self
456 3019 502 3058 in
528 3019 603 3058 the
633 3030 833 3069 presence
860 3019 906 3058 of
931 3019 1005 3059 the
1031 3019 1284 3070 archbishop
1316 3019 1422 3059 elect
1454 3019 1499 3058 of
1523 3019 1668 3069 York,
1700 3018 1953 3070 associating
1979 3019 2284 3059 With.himself

351 3074 415 3113 for
444 3073 540 3113 that
570 3085 751 3124 purpose
786 3073 860 3113 the
893 3073 1066 3124 bishops
1086 3074 1132 3114 of
1158 3073 1356 3114 Scotland
1376 3074 1460 3113 and
1485 3074 1559 3114 the
1590 3073 1800 3126 Orkneys,
1829 3074 1913 3113 and
1933 3074 1985 3113 he
2005 3074 2173 3124 pressed
2193 3074 2279 3113 this

349 3130 650 3180 arrangement
684 3140 801 3179 upon
834 3128 908 3168 the
942 3128 1193 3180 archbishop
1229 3129 1275 3168 of
1311 3128 1580 3181 Canterbury
1610 3129 1803 3180 through
1836 3129 1910 3169 the
1947 3128 2138 3168 medium
2172 3129 2219 3168 of
2254 3142 2279 3169 a

351 3183 503 3235 special
529 3195 782 3234 messenger,
811 3182 1050 3233 Escolland,
1082 3196 1161 3223 one
1192 3183 1238 3223 of
1261 3183 1336 3224 the
1364 3184 1516 3224 barons
1546 3184 1592 3224 of
1618 3184 1682 3223 his
1712 3183 1935 3235 bishopric.
1995 3184 2056 3223 To
2075 3184 2161 3223 this
2181 3197 2278 3235 pro-

349 3238 465 3290 posal
498 3237 676 3279 Anselm
708 3238 913 3278 returned
944 3250 969 3277 a
1002 3238 1179 3289 positive
1212 3238 1380 3279 refusal.
1450 3239 1586 3280 “Nec
1619 3239 1756 3289 debet,
1794 3252 1872 3280 nec
1909 3241 2048 3290 potest
2078 3239 2278 3279 canonice

350 3294 441 3334 fieri
472 3294 523 3334 ab
555 3293 703 3334 eodem
737 3292 869 3333 electo
900 3292 1226 3345 archiepiscopo,
1256 3306 1334 3334 nec
1363 3294 1415 3334 ab
1446 3294 1527 3334 alio
1556 3307 1632 3345 per
1657 3294 1792 3344 illum,
1822 3294 2070 3346 priusquam
2096 3293 2184 3345 ipse
2204 3295 2278 3333 fiat

349 3348 687 3400 archiepiscopus
717 3349 918 3388 canonica
948 3348 1274 3389 consecratione.
1344 3348 1626 3401 Quapropter,
1656 3362 1733 3390 nec
1764 3349 1937 3390 consulo
1971 3361 2048 3389 nec
2079 3349 2276 3398 concedo,

348 3404 481 3444 immo
500 3403 721 3453 interdico,
750 3415 804 3443 ne
836 3404 910 3442 fiat
940 3405 1039 3443 ante
1070 3403 1429 3444 consecrationem
1458 3403 1645 3456 ejusdem
1665 3404 1787 3444 electi
1807 3403 2121 3455 archiepiscopi,
2151 3404 2233 3443 nisi
2253 3417 2278 3443 a

348 3472 430 3509 me,
461 3458 495 3499 si
518 3459 625 3499 forte
646 3459 724 3498 hoc
745 3457 969 3498 necessitas
984 3458 1171 3509 exegerit
1184 3459 1210 3476 '²
1233 3459 1449 3509 (Eadmer,
1470 3473 1509 3511 p.
1531 3459 1619 3509 97).
1678 3460 1769 3500 'Phe
1790 3459 2091 3509 consecration,
2111 3459 2156 3498 in
2178 3459 2275 3508 fact,

347 3514 420 3554 did
440 3516 516 3554 not
535 3514 633 3554 take
653 3513 769 3565 place
789 3512 855 3552 till
876 3513 984 3553 aster
1003 3513 1217 3554 Anselm's
1237 3515 1378 3564 death,
1411 3515 1533 3555 when
1564 3515 1637 3555 the
1664 3515 1916 3566 archbishop
1943 3514 2051 3555 elect
2071 3514 2117 3554 of
2140 3513 2293 3563 York,·

346 3570 485 3610 under
519 3569 592 3609 the
627 3581 820 3620 pressure
854 3568 900 3608 of
924 3568 998 3608 the
1028 3568 1169 3619 king's
1204 3570 1462 3619 commands,
1501 3570 1623 3610 made
1660 3570 1782 3610 those
1820 3570 2082 3610 concessions
2118 3570 2164 3608 to
2200 3568 2275 3608 the

344 3624 564 3677 authority
586 3624 632 3664 of
656 3624 722 3664 his
753 3636 966 3663 successor
997 3623 1137 3663 which
1170 3624 1222 3663 he
1254 3624 1338 3663 had
1369 3624 1598 3676 resolutely
1619 3625 1787 3665 refused
1814 3628 1858 3664 to
1887 3625 2010 3664 make
2033 3625 2078 3664 to
2097 3623 2274 3664 Anselm

344 3679 524 3720 himself.
