2384 4126
792 420 979 454 sANCTI
1019 419 1348 454 CUTHBER'H.
1919 406 2021 468 177

110 548 281 598 omnis
330 548 388 598 in
436 547 619 613 fugam
673 546 1026 613 compellitur.
1130 546 1341 596 Horum
1391 545 1652 596 discessus
1696 545 1791 595 ubi
1835 547 2021 596 castris

109 620 409 685 Anglorum
440 618 582 669 fama
615 618 932 684 percrebuit,
972 635 1098 668 mox
1123 623 1177 668 et
1202 617 1292 668 ille
1317 617 1374 666 in
1401 635 1497 667 sua
1524 616 1831 667 discedendi
1855 617 2019 667 licen-

107 690 239 740 tiam
272 690 514 741 contulit.
608 689 772 740 Haud
814 690 967 740 aliter
1006 688 1270 756 propulsis
1309 688 1717 755 circumquaque
1758 688 2019 750 hostibus,

108 762 283 812 votiva
322 761 665 812 exultationis
700 761 812 812 dies
853 761 1040 823 oritur,
1082 778 1187 827 qua
1220 760 1277 809 in
1309 760 1390 809 sui
1416 760 1721 810 libertatem
1747 760 1811 809 de
1837 760 1941 809 loci
1967 766 2020 809 et

109 833 272 882 animi
298 832 555 900 angustiis
584 832 731 900 plebs
756 838 870 883 tota
894 831 1192 882 redimitur.
1269 831 1417 893 Dies,
1459 832 1696 898 inquam,
1738 830 2019 881 exultatio-

106 904 207 966 nis,
230 922 350 971 qua,
374 904 544 954 multo
562 904 761 970 largior
781 921 940 970 quam
967 920 1174 970 sperare
1195 902 1476 969 quisquam
1500 908 1726 969 poterat,
1755 902 1829 952 eis
1852 902 2024 968 gratia

59 1002 62 1005 ,
107 976 485 1026 consolationis
523 975 794 1026 exuberat.
875 975 1055 1025 Solam
1088 974 1230 1025 enim
1266 974 1505 1024 hostium
1531 974 1715 1041 fugam
1742 981 2019 1040 exoptave-

105 1053 246 1109 rant,
274 1053 344 1110 et,
373 1046 523 1098 ecce!
558 1046 772 1113 gemina
797 1047 899 1097 Dei
925 1046 1098 1113 gratia
1121 1046 1399 1113 respirant.
1467 1046 1729 1112 Denique,
1752 1063 1872 1096 cum
1900 1045 2021 1095 hos-

104 1125 185 1168 tes
206 1119 507 1169 discessisse
526 1119 796 1181 laetantur,
819 1118 1004 1169 eadem
1023 1118 1171 1180 hora,
1201 1117 1340 1184 quod
1361 1135 1459 1168 nec
1481 1123 1836 1184 speraverant,
1865 1135 2022 1167 suum

108 1190 209 1240 sibi
249 1191 547 1240 antistitem
579 1190 643 1241 de
679 1190 837 1241 exilio
871 1207 1142 1240 reversum
1178 1189 1635 1256 congratulantur.
1711 1190 1855 1239 Nam
1899 1206 2021 1238 cum

104 1262 270 1327 portis
312 1261 560 1313 reseratis
603 1261 753 1328 plebs
800 1261 1008 1312 exitura
1047 1260 1342 1323 festinaret,
1389 1260 1541 1311 ecce!
1590 1260 1732 1311 obvii
1772 1260 2022 1311 officiales

105 1333 337 1400 episcopi
362 1333 759 1399 ingrediuntur,
795 1339 848 1383 et
876 1333 958 1382 sui
984 1332 1182 1399 ubique
1203 1333 1327 1399 jura
1352 1332 1503 1383 ovilis
1530 1332 1774 1399 episcopo
1800 1331 2019 1382 restitu-

105 1411 285 1455 untur.
362 1406 566 1471 Magna
598 1405 788 1455 deinde
817 1404 1006 1455 laetitia
1031 1422 1253 1470 magnas
1280 1404 1572 1470 gratiarum
1599 1404 1850 1466 actiones,
1893 1421 2021 1469 quas

98 1476 215 1542 jam
244 1476 451 1527 hostilis
477 1477 606 1542 fuga
635 1482 928 1543 pepererat,
973 1476 1174 1542 gratior
1199 1476 1458 1526 universis
1485 1475 1754 1525 restitutio
1781 1475 2021 1541 praesulis

106 1548 431 1598 cumulabat.
509 1549 581 1598 Et
611 1548 712 1598 hoc
739 1548 795 1597 in
821 1547 965 1597 facto
992 1548 1146 1614 cujus
1173 1547 1242 1597 sit
1268 1547 1447 1597 meriti
1472 1546 1661 1597 beatus
1691 1546 2021 1597 Cuthbertus

106 1620 327 1686 quisque
368 1619 598 1686 prudens
639 1619 915 1685 intelligit,
957 1637 1052 1685 per
1097 1636 1254 1685 quem
1299 1619 1581 1669 miserator
1624 1624 1677 1669 et
1722 1618 2022 1668 misericors

104 1691 369 1741 Dominus
396 1697 574 1741 tantas
601 1690 857 1741 bonitatis
888 1691 1010 1740 Suae
1031 1690 1243 1740 divitias
1272 1696 1325 1740 et
1344 1690 1581 1756 indignis
1609 1689 1869 1751 exhibuit,
1898 1689 2021 1756 quia

106 1763 296 1813 Suavis
322 1763 574 1814 Dominus
599 1762 853 1813 universis
879 1768 927 1812 et
953 1762 1312 1813 miserationes
1330 1762 1467 1828 Ejus
1486 1779 1641 1828 super
1667 1762 1837 1812 omnia
1866 1778 2023 1827 opera

102 1834 280 1900 Ey'us.²³

109 2034 366 2092 Quomodo
390 2035 618 2100 quidam,
643 2032 960 2099 dumfurens
980 2051 1136 2100 equos
1155 2035 1521 2085 monachorum
1545 2033 1729 2084 Sancti
1755 2034 2024 2084 Cuthberti

248 2106 309 2156 de
336 2107 555 2172 hospitio
582 2123 672 2157 suo
700 2107 953 2172 eoepellere
978 2106 1238 2168 voluisset,
1278 2112 1337 2156 ut
1362 2111 1595 2156 mortuus
1623 2106 1884 2156 ceciderit.

212 2218 463 2268 Fluxerat
511 2235 621 2268 non
675 2217 909 2267 multum
967 2217 1240 2283 temporis,
1287 2235 1427 2280 cum,
1480 2217 1635 2268 ecce!
1688 2235 1781 2284 per
1831 2218 2023 2268 merita

104 2290 275 2339 sancti
310 2289 641 2340 Confessoris
681 2307 765 2339 res
805 2289 935 2339 item
978 2289 1203 2355 contigit
1241 2289 1618 2339 memorabilis.
1698 2289 2022 2355 Praepositus

101 2361 413 2411 monasterii
455 2361 725 2427 praefatus,
765 2360 858 2410 ubi
903 2360 1138 2411 ecclesiae
1182 2366 1235 2410 et
1281 2360 1446 2410 totius
1495 2360 1678 2426 populi
1720 2361 2020 2411 communis

101 2432 308 2482 utilitas
349 2432 586 2498 expetiit,
627 2431 1008 2482 comitantibus
1046 2449 1169 2482 eum
1208 2450 1236 2482 e
1271 2432 1467 2499 populo
1492 2450 1601 2481 non
1636 2432 1837 2498 paucis,
1876 2433 2017 2482 Aus-

101 2504 321 2554 tralium
356 2504 657 2569 Anglorum
697 2503 754 2553 in
793 2509 971 2570 partes
1011 2503 1238 2553 devenit.
1315 2504 1486 2553 Erant
1520 2521 1643 2553 cum
1682 2521 1743 2554 eo
1778 2510 1831 2553 et
1858 2503 1963 2554 duo
1990 2522 2018 2554 e

101 2575 424 2625 monasterio
449 2575 658 2637 fratres,
701 2592 927 2641 quorum
966 2592 1075 2625 uno
1105 2575 1219 2641 jam
1253 2575 1525 2636 defuncto,
1566 2575 1700 2625 alter
1726 2592 1849 2625 cum
1883 2593 2015 2642 prae-

100 2647 275 2713 posito
315 2653 598 2713 superstes,
637 2646 731 2708 rei,
774 2665 932 2712 quam
966 2663 1109 2696 nunc
1153 2647 1474 2696 narrandam
1508 2646 1812 2713 incipimus,
1865 2648 2019 2697 testis

101 2718 304 2769 accedit
347 2718 616 2768 indubius.
709 2715 887 2784 Igitur
926 2735 1020 2784 per
1060 2724 1263 2784 gentes,
1318 2735 1441 2768 cum
1478 2718 1592 2784 jam
1638 2718 1910 2768 declinans
1960 2718 2018 2768 in

100 2807 372 2856 vesperam
416 2789 528 2840 dies
572 2795 625 2840 et
668 2789 835 2854 frigus
879 2789 1164 2840 hibernum
1207 2789 1271 2840 ad
1311 2789 1541 2856 hospitia
1581 2790 1924 2856 compellunt,
1961 2790 2018 2840 in

99 2861 275 2911 vicum
296 2861 711 2928 juxta-positum
737 2861 1071 2923 festinantes,
1112 2861 1383 2911 monachis
1415 2861 1617 2911 tardius
1654 2862 2016 2928 sequentibus,

100 2933 190 2983 alii
231 2933 361 2983 alios
402 2933 747 2999 praeveniunt.
827 2933 1036 2984 Quibus
1067 2951 1160 2999 per
1193 2939 1363 2983 totam
1388 2933 1570 2983 villam
1605 2933 2016 3000 hospitantibus,

100 3011 328 3071 angusta
371 3005 613 3071 quaedam
653 3005 978 3055 domuncula
1017 3004 1290 3055 monachis
1330 3011 1600 3066 remanet,
1651 3023 1768 3071 quae
1803 3005 2016 3071 quidem

101 3076 174 3126 eis
202 3077 343 3139 solis,
382 3094 492 3126 non
527 3082 706 3126 autem
747 3082 800 3126 et
841 3076 989 3143 equis
1028 3093 1212 3126 eorum
1238 3077 1476 3127 sufficere
1503 3076 1778 3142 potuisset.
1856 3077 2016 3127 Unde

99 3154 313 3198 exorata
338 3148 395 3197 in
414 3148 587 3198 vicina
612 3148 769 3198 domo
797 3147 1029 3211 domina,
1061 3148 1188 3214 (non
1209 3148 1351 3198 enim
1372 3148 1595 3198 maritus
1617 3148 1807 3214 affuit,)
1837 3148 2015 3199 locum

94 3219 355 3285 jumentis
403 3219 634 3285 benigne
686 3219 961 3270 concessit.
1059 3219 1218 3271 Quod
1271 3219 1362 3269 ille
1412 3219 1621 3269 rediens
1671 3219 2015 3286 impatienter

99 3290 242 3352 tulit,
265 3290 373 3356 qui,
396 3297 448 3340 et
467 3291 608 3341 unde
634 3297 811 3341 essent
839 3291 1003 3357 quiin
1032 3309 1126 3341 sua
1153 3291 1310 3341 domo
1337 3308 1499 3357 equos
1524 3291 1698 3342 locare
1723 3309 2012 3358 praesump-

101 3360 292 3411 sissent
317 3361 607 3426 requisivit.
685 3362 915 3428 Cognito
940 3362 1121 3429 itaque
1148 3362 1289 3428 quod
1316 3362 1380 3413 de
1406 3362 1698 3429 longinquo
1724 3362 2011 3423 venissent,

101 3449 161 3481 eo
203 3432 372 3497 magis
411 3432 833 3483 benevolentiam
873 3433 1225 3483 humanitatis
1267 3434 1484 3496 amittit,
1535 3434 1821 3500 furensque
1870 3433 2010 3483 voci-

99 3502 335 3563 ferando,
389 3503 746 3568 quantocitius
786 3521 965 3570 equos
990 3505 1179 3571 expelli
1223 3505 1476 3572 praecipit.
1556 3505 1731 3555 Quem
1773 3504 1938 3553 frater
1982 3522 2013 3553 a

99 3574 381 3640 praeposito
427 3573 619 3624 missus
671 3575 861 3640 quibus
925 3575 1099 3641 potuit
1158 3575 1432 3626 blanditiis
1490 3575 1736 3640 mitigare
1787 3574 2008 3637 studuit,

860 3706 879 3723 ⁸
908 3699 1049 3739 Psalm
1068 3700 1190 3741 cxliv.
1212 3704 1250 3740 9.

1689 3772 1722 3804 N
