2384 4126
781 377 1043 411 LIBELLUS
1085 375 1309 410 INCERTI
1349 374 1504 408 Auc'r.
1991 358 2097 408 203

288 504 479 555 Voden
514 503 701 571 genuit
726 502 1006 569 Wegdam,
1049 500 1139 568 qui
1180 499 1367 566 genuit
1404 499 1737 565 Sigegarum,
1779 497 1871 565 qui
1912 498 2098 564 genuit

184 576 615 642 Sweabdeegum,
657 574 747 642 qui
773 574 959 640 genuit
988 572 1256 639 Sigegeat,
1297 570 1389 637 qui
1419 570 1605 637 genuit
1638 569 1979 631 Scabaldum‚
2008 569 2099 635 qui

180 648 368 714 genuit
415 647 682 713 Seafugel,
722 645 815 713 qui
859 644 1047 712 genuit
1086 642 1495 705 Westerfalene,
1535 641 1625 709 qui
1670 641 1856 707 genuit
1889 640 2097 707 Wigilf,

182 719 273 787 qui
300 719 486 785 genuit
511 717 750 780 Vscfrea,
792 717 883 783 qui
908 715 1095 782 genuit
1120 714 1259 778 Yffa,
1300 713 1392 780 qui
1419 713 1605 780 genuit
1629 712 1766 764 Ella.

288 791 594 841 Praenotata
620 789 752 839 serie
779 787 1202 855 generationum,
1243 803 1307 836 ex
1333 803 1437 851 qua
1462 784 1623 851 primi
1646 783 1864 851 Anglici
1891 782 2100 850 generis

180 879 333 928 reges
374 862 695 929 prodierant,
751 860 1087 920 subnotatur,
1134 857 1242 924 qui,
1296 862 1350 907 et
1393 856 1504 918 ubi,
1551 861 1604 907 et
1649 861 1813 922 quoto
1855 855 2099 905 incarna-

180 933 343 984 tionis
384 933 681 984 Dominicae
721 949 860 982 anno
900 929 1258 997 regnaverint,
1299 934 1419 995 post
1458 928 1676 978 illorum
1717 927 2005 977 adventum
2044 926 2102 976 in

179 1004 549 1073 Brytanniam.

290 1077 451 1126 Anno
479 1075 543 1126 ab
569 1074 936 1125 incarnatione
967 1071 1191 1124 Domini
1226 1070 1602 1132 ccccm0xl0ix0,0
1638 1070 1958 1137 Anglorum,
1996 1069 2104 1120 sive

185 1149 475 1210 Saxonum,
498 1164 645 1214 gens,
665 1146 891 1196 invitata
908 1164 938 1195 a
957 1162 1082 1211 rege
1102 1142 1469 1209 Wurtigerno,
1491 1142 1664 1192 tribus
1682 1141 1858 1208 longis
1877 1140 2102 1191 navibus

184 1219 537 1287 Brytanniam
583 1217 878 1279 advehitur,
927 1215 1066 1283 apud
1110 1215 1287 1265 locum
1333 1214 1424 1281 qui
1468 1213 1665 1264 dicitur
1704 1212 2099 1280 prinesfleot,

185 1291 334 1357 quasi
372 1308 468 1357 pro
505 1289 679 1357 patria
716 1295 1036 1355 pugnatura,
1076 1304 1133 1337 re
1176 1292 1355 1337 autem
1389 1303 1514 1336 vera
1551 1285 1691 1335 hanc
1732 1290 2102 1351 expugnatura

184 1363 432 1429 suscepit.
509 1362 816 1412 Advenerat
858 1365 1036 1410 autem
1078 1358 1143 1409 de
1186 1357 1358 1408 tribus
1405 1357 1708 1408 Germaniae
1751 1356 1959 1423 populis
1994 1356 2100 1406 for-

183 1434 428 1495 tioribus,
466 1432 521 1482 id
553 1439 633 1484 est
662 1431 975 1493 Saxonibus,
1016 1429 1228 1496 Anglis,
1269 1430 1302 1479 J
1307 1428 1428 1479 utis.
1506 1429 1590 1479 De
1618 1428 1651 1477 J
1658 1434 1871 1478 utarum
1897 1427 2103 1493 origine

184 1512 309 1556 sunt
337 1504 614 1556 Cantuarii
639 1509 692 1554 et
716 1502 1023 1563 Vectuarii;
1064 1501 1166 1551 hoc
1192 1507 1288 1563 est,
1317 1518 1379 1551 ea
1405 1517 1535 1566 gens
1561 1517 1678 1566 quae
1701 1500 1928 1550 Vectam
1954 1504 2103 1549 tenet

184 1577 415 1627 insulam
430 1598 444 1638 3
475 1582 528 1627 et
548 1594 609 1626 ea
635 1592 764 1641 gens
791 1591 907 1641 (111εο
926 1590 1091 1639 11511110
1110 1572 1269 1623 hodie
1294 1572 1352 1621 in
1376 1571 1649 1637 provincia
1674 1570 2101 1621 Occidentalium

186 1649 477 1710 Saxonum,
533 1647 784 1697 Jutarum
834 1645 981 1695 natio
1031 1643 1357 1704 nominatur,
1415 1642 1588 1709 posita
1638 1648 1823 1692 contra
1871 1641 2103 1691 insulam

186 1720 427 1770 Vectam.
494 1719 577 1769 De
600 1716 913 1777 Saxonibus,
933 1716 988 1766 id
1005 1720 1102 1776 est,
1122 1732 1183 1765 ea
1203 1714 1419 1780 regione
1438 1731 1556 1779 quae
1575 1730 1719 1763 nunc
1739 1713 2103 1780 Antiquorum

187 1792 459 1841 Saxonum
498 1788 923 1855 cognominatur,
962 1804 1152 1837 venere
1189 1785 1489 1837 Orientales
1520 1786 1772 1847 Saxones,
1812 1784 2104 1835 Meridiani

188 1863 440 1922 Saxones,
482 1860 707 1911 Occidui
750 1859 1001 1909 Saxones.
1079 1858 1243 1908 Porro
1279 1857 1344 1907 de
1383 1856 1595 1921 Anglis,
1634 1856 1736 1907 hoc
1776 1864 1871 1918 est,
1911 1856 1976 1906 de
2010 1855 2104 1906 illa

185 1933 357 2001 patria
398 1950 516 1999 quae
559 1931 807 1998 Angulus
848 1930 1059 1991 dicitur,
1101 1934 1154 1979 et
1196 1928 1261 1979 ab
1305 1945 1366 1979 eo
1407 1933 1647 1994 tempore
1682 1944 1898 1978 manere
1936 1945 2103 1994 usque

184 2004 342 2055 hodie
368 2004 607 2054 desertus
632 2003 774 2053 inter
799 2001 1095 2068 provincias
1118 2001 1146 2050 J
1154 2006 1371 2050 utarum
1397 2006 1450 2050 et
1478 2000 1750 2049 Saxonum
1774 1998 2102 2066 perhibetur,

186 2075 486 2127 Orientales
526 2074 709 2140 Angli,
762 2071 1148 2124 Mediterranei
1191 2071 1374 2138 Angli,
1428 2070 1620 2133 Merci,
1667 2076 1783 2121 tota
1825 2070 2102 2120 Northan-

184 2147 518 2198 himbrorum
548 2145 844 2213 progenies,
886 2143 1169 2210 caeterique
1199 2143 1382 2210 populi
1416 2142 1719 2208 Anglorum
1755 2148 1881 2192 sunt
1915 2142 2100 2192 exorti.

186 2219 365 2269 Duces
404 2235 587 2269 eorum
617 2217 837 2268 suerunt
874 2216 1119 2281 Hengest
1155 2221 1208 2265 et
1237 2215 1431 2264 Horsa.
1511 2213 1720 2264 Deinde
1746 2218 1799 2263 et
1826 2212 1917 2263 alii
1943 2212 2104 2264 duces

188 2291 533 2352 advenerunt,
574 2288 664 2356 qui
691 2305 820 2355 quas
849 2287 949 2337 sibi
976 2285 1127 2337 sedes
1153 2284 1546 2352 occupaverint,
1587 2284 1770 2335 subter
1797 2290 2103 2335 annotatur.

828 2468 896 2501 DE
940 2466 1173 2500 REGIBUS
1214 2447 1469 2499 CANCIAE.d

296 2568 507 2619 Primus
543 2584 635 2617 rex
672 2565 992 2631 Anglorum,
1034 2563 1299 2629 Hengest,
1341 2561 1431 2628 qui
1465 2561 1709 2628 regnavit
1750 2562 1893 2630 xxiiij
1933 2563 2103 2614 anniS.

190 2643 318 2692 Post
363 2657 517 2707 quem
560 2637 701 2687 filius
742 2640 856 2704 eJ‘us
901 2634 1049 2687 Oisic
1086 2634 1232 2700 xxiiij
1272 2633 1442 2684 annis.
1519 2634 1648 2684 Post
1687 2633 1832 2684 hunc
1865 2635 2107 2700 regnavit

189 2714 342 2764 Octa.
422 2709 569 2761 Huic
587 2709 644 2759 in
663 2726 888 2775 regnum
916 2706 1170 2758 successit
1194 2705 1522 2756 Eormenric.
1600 2705 1704 2755 Cui
1728 2705 1866 2755 filius
1886 2706 2106 2757 Eathel-

188 2831 366 2883 neously
385 2829 537 2870 Bibba.
594 2826 768 2880 Beldeiy
798 2827 842 2867 in
878 2826 924 2868 C.
956 2827 1089 2866 wants
1119 2825 1193 2865 the
1224 2824 1324 2864 final
1349 2839 1391 2876 9.
1449 2823 1701 2876 Freotkegar
1719 2824 1803 2864 and
1828 2824 2042 2867 Freowine
2062 2827 2108 2867 in

189 2888 235 2929 O.
257 2899 327 2926 are
346 2885 556 2936 Fredegar
574 2883 658 2923 and
675 2882 918 2922 Freauvene
938 2881 983 2921 in
1004 2880 1066 2921 M.
1124 2880 1249 2920 Elesa
1267 2879 1314 2919 in
1334 2879 1396 2920 M.
1417 2878 1454 2918 is
1473 2878 1594 2919 Eleia
1612 2879 1657 2918 in
1678 2879 1724 2919 O.
1783 2879 1958 2921 Uscfrea
1976 2882 2022 2921 in
2043 2882 2105 2923 M.

190 2942 226 2982 is
245 2941 420 2982 Usefrea
438 2939 485 2978 in
505 2938 578 2988 C.;
614 2937 708 2976 Yffa
736 2937 783 2976 in
817 2936 863 2977 O.
896 2936 931 2976 is
957 2938 991 2975 I
994 2936 1047 2975 ffa
1072 2935 1117 2974 in
1142 2934 1204 2975 M.
1271 2934 1420 2983 Witta,
1459 2936 1601 2985 Waga,
1631 2934 1714 2973 and
1742 2936 1976 2976 Wermund
2002 2936 2107 2977 have

190 2997 265 3037 the
295 2994 436 3035 initial
466 3006 492 3033 v
526 2993 589 3032 for
618 3005 657 3031 w
681 2992 728 3031 in
758 2990 820 3032 M.
891 2989 1264 3042 Northanhymbri
1293 2988 1328 3028 is
1358 2989 1458 3028 here
1489 2989 1597 3039 spelt
1624 2987 1999 3040 Northanhimbri,
2027 2993 2108 3032 but

191 3050 426 3098 elsewhere,
441 3047 721 3099 throughout,
736 3044 1105 3086 Northanhumbri
1120 3044 1166 3083 in
1182 3043 1244 3084 M.
1303 3042 1595 3094 Occasionally
1610 3043 1788 3083 another
1803 3044 1925 3095 form,
1941 3045 2107 3086 North-

190 3105 534 3157 anhymbrenses,
561 3102 596 3141 15
630 3101 733 3141 used
765 3100 811 3140 in
843 3101 904 3150 O„
933 3100 1017 3140 and
1049 3099 1096 3139 111
1126 3099 1244 3139 these
1277 3098 1413 3150 places
1442 3097 1527 3138 also
1558 3097 1933 3139 Northanhumbri
1960 3112 2108 3141 occurs

191 3160 238 3200 in
259 3159 320 3199 M.

276 3220 291 3238 ⁶
320 3212 376 3252 In
395 3211 469 3251 the
484 3210 714 3262 Magdalen
728 3209 822 3250 MS.
838 3207 1135 3260 Brytanniam,
1155 3206 1201 3247 in
1216 3206 1302 3247 this
1317 3205 1478 3247 section
1497 3205 1582 3246 and
1600 3206 1821 3247 elsewhere
1840 3207 2110 3261 throughout

192 3269 267 3309 the
300 3267 430 3315 work,
464 3265 500 3304 is
538 3265 644 3315 spelt
677 3263 995 3312 Brittanniam3
1038 3262 1067 3302 J
1072 3264 1158 3302 utae
1196 3261 1279 3301 and
1317 3260 1348 3301 J
1351 3263 1525 3300 utarum
1562 3261 1669 3301 have
1707 3273 1732 3300 a
1768 3262 1922 3302 second
1955 3268 1985 3313 t,
2025 3265 2108 3304 and

194 3320 494 3373 prinesfleot
512 3319 587 3358 has
606 3332 630 3358 a
649 3318 802 3359 second
814 3332 861 3370 p.
918 3317 1115 3368 Hengest
1146 3316 1192 3356 in
1221 3316 1306 3356 this
1332 3316 1416 3356 and
1440 3316 1515 3356 the
1535 3315 1750 3367 following
1768 3316 1928 3356 section
1947 3317 1982 3358 is
2002 3319 2109 3370 spelt

195 3376 396 3427 Hingest.

279 3431 298 3454 ‘¹
327 3430 416 3469 The
442 3426 673 3478 Magdalen
705 3426 798 3467 MS.
827 3426 903 3465 has
933 3438 989 3465 no
1016 3424 1161 3465 rubric
1189 3426 1234 3464 to
1259 3424 1347 3464 this
1366 3424 1539 3464 section.
1597 3424 1729 3474 Here,
1759 3437 1802 3464 as
1821 3424 2043 3467 elsewhere
2063 3426 2110 3467 in

195 3486 269 3526 the
303 3482 526 3531 narrative,
556 3481 677 3521 there
707 3493 777 3521 are
811 3480 1008 3532 frequent
1037 3479 1283 3519 alterations
1310 3479 1357 3518 in
1385 3479 1459 3519 the
1487 3481 1787 3530 arrangement
1810 3479 1856 3518 of
1880 3482 2109 3531 sentences,

195 3540 279 3580 and
309 3536 538 3578 occasional
572 3534 869 3575 substitutions
899 3534 945 3574 of
968 3546 1047 3574 one
1077 3534 1192 3574 word
1221 3533 1285 3573 for
1310 3533 1489 3573 another
1507 3533 1553 3573 of
1577 3532 1736 3573 similar
1756 3532 2036 3584 significance,
2066 3548 2110 3576 as

195 3598 289 3646 post
320 3595 394 3633 hoc
424 3592 487 3631 for
521 3592 678 3639 dehine,
708 3591 812 3629 hunc
842 3589 904 3628 for
933 3590 1064 3637 illum,
1093 3590 1181 3642 ejus
1201 3588 1264 3627 for
1283 3602 1411 3637 sumn,
1442 3591 1482 3627 et
1502 3587 1566 3627 for
1586 3601 1649 3636 ac,
1678 3587 1761 3626 and
1781 3587 1884 3626 such
1903 3587 2002 3637 like,
2032 3590 2110 3630 but

197 3649 242 3688 in
264 3661 317 3687 no
337 3659 427 3688 case
448 3646 482 3686 is
503 3645 575 3685 the
597 3656 713 3684 sense
733 3642 920 3692 affected,
949 3644 1096 3693 except
1117 3642 1464 3694 occasionallyby
1484 3641 1557 3681 the
1576 3640 1798 3681 alteration
1817 3641 1863 3681 of
1889 3644 2112 3694 numerals,
