2384 4126
407 401 478 451 30
1026 415 1301 450 sYMEoms
1343 415 1733 450 DUNELMENSIS

1279 560 1465 594 DCCXC.

518 643 681 694 Anno
709 659 897 694 nco.xc
923 641 1249 694 Ethelredus
1276 641 1340 693 de
1368 641 1525 693 exilio
1551 640 1810 692 liberatus
1836 646 1917 692 θεῖ
1944 648 1997 693 θῖ
2022 641 2218 693 iterum
2243 662 2338 711 per

410 715 640 782 gratiam
676 714 878 767 Christi
911 714 1066 781 regni
1100 714 1234 765 solio
1275 720 1356 766 est
1401 713 1814 764 subtronizatus.
1893 713 2130 765 Osredus
2157 722 2338 767 autem

408 805 504 838 rex
546 786 669 838 dolo
710 804 928 837 suorum
968 786 1271 853 principum
1313 786 1706 837 circumventus
1752 792 1805 836 et
1843 791 2029 852 captus
2071 804 2131 837 ac
2171 804 2338 854 regno

409 859 665 926 privatUS,
695 864 939 909 attonsus
966 864 1047 909 est
1072 858 1130 908 in
1160 858 1404 909 Eboraca
1437 857 1669 920 civitate,
1712 863 1765 908 et
1801 863 1983 924 postea
2017 858 2337 912 necessitate

410 937 627 982 coactus
654 930 873 982 exilium
897 929 1051 997 petit.
1128 930 1296 998 Cujus
1323 947 1463 980 anno
1491 929 1723 981 secundo
1748 929 1979 980 Eardulf
2012 929 2120 980 dux
2151 938 2338 997 captus

411 1009 492 1054 est
520 1008 573 1054 et
609 1003 675 1053 ad
713 1002 896 1070 Ripun
928 1001 1237 1069 perductuS,
1278 1001 1460 1068 ibique
1497 1001 1687 1053 occidiv
1721 1001 1902 1069 jussus
1938 1009 2087 1053 extra
2127 1009 2338 1069 portam

410 1074 725 1125 monasterii
777 1092 807 1124 a
857 1091 982 1140 rege
1033 1073 1271 1140 praefatO.
1349 1074 1517 1141 Cujus
1562 1090 1751 1140 corpus
1795 1073 1985 1124 fratres
2031 1092 2153 1125 cum
2201 1075 2335 1126 Gre-

410 1146 645 1213 gorianis
673 1145 1021 1197 concentibus
1049 1145 1115 1195 ad
1142 1144 1421 1196 ecclesiam
1447 1153 1741 1212 portantes,
1778 1151 1831 1196 et
1857 1145 1916 1195 in
1949 1146 2183 1196 tentorio
2209 1146 2338 1198 foris

407 1224 687 1285 ponentes,
714 1223 833 1285 post
858 1216 1091 1267 mediam
1118 1222 1334 1267 noctem
1360 1216 1510 1266 vivus
1537 1224 1617 1267 est
1638 1216 1695 1266 in
1723 1216 1946 1267 ecclesia
1970 1217 2238 1269 inventus.

517 1289 724 1340 Eodem
769 1305 911 1339 anno
956 1287 1172 1338 Badwlf
1219 1288 1286 1338 ad
1328 1287 1834 1338 Candidam-casam
1875 1288 2154 1339 ordinatur
2199 1290 2334 1357 epis-

408 1378 571 1430 copus
596 1361 655 1411 in
680 1360 798 1412 loco
826 1360 918 1427 qui
945 1360 1144 1411 dicitur
1181 1359 1573 1422 Hearrahalch,
1611 1359 1751 1427 quod
1785 1360 2128 1427 interpretari
2161 1369 2337 1429 potest

407 1434 585 1485 Locus
625 1432 1001 1484 Dominorum.
1080 1434 1240 1483 Anno
1285 1449 1409 1483 vero
1453 1432 1628 1499 priore
1672 1431 1996 1483 Ethelberht
2041 1433 2337 1501 episcopuS,

408 1524 504 1556 sua
530 1505 654 1557 sede
680 1505 885 1568 relicta,
916 1506 1145 1555 Sanctow
1171 1504 1450 1555 Tilberhto
1487 1504 1733 1571 episcopo
1767 1505 1882 1572 jam
1917 1504 2169 1567 obeunte,
2205 1524 2337 1573 prae-

407 1577 583 1628 dictus
609 1577 803 1645 praesul
839 1577 1202 1644 episcopatum
1246 1576 1733 1644 Haugustaldensis
1767 1576 2002 1628 ecclesiae
2040 1578 2243 1646 accepit
2280 1578 2338 1629 in

407 1649 675 1718 propriam
702 1649 1143 1701 dominationem.

1272 1821 1484 1855 DCCXCL

516 1906 679 1954 Anno
731 1904 936 1972 1³00.ch
991 1903 1088 1954 filii
1137 1903 1385 1954 Elfwaldi
1435 1904 1577 1971 regis
1628 1903 1694 1954 ab
1745 1904 1987 1955 Eboraca
2031 1904 2246 1956 civitate
2286 1904 2339 1954 vi

409 1974 684 2037 abstracti,
713 1983 766 2027 et
794 1975 859 2027 de
887 1976 1110 2027 ecclesia
1137 1975 1418 2043 principali
1444 1994 1537 2043 per
1563 1976 1823 2044 promissa
1847 1976 2072 2028 fallaciae
2100 1976 2337 2039 abducti,

409 2047 787 2099 miserabiliter
822 2055 948 2098 sunt
982 2048 1246 2115 perempti
1287 2048 1353 2098 ab
1395 2047 1689 2099 Ethelredo
1724 2066 1850 2115 rege
1883 2049 1942 2098 in
1972 2049 2338 2100 XVonwaldre-

408 2130 597 2182 meres
623 2138 851 2186 quorum
878 2120 1097 2171 nomina
1123 2120 1254 2171 Oelf
1286 2127 1340 2171 et
1367 2120 1630 2172 Oelfwine
1656 2120 1823 2173 fuere.

516 2192 597 2242 Eo
625 2210 834 2259 quoque
862 2209 1003 2243 anno
1023 2192 1404 2255 LamberhtuS,
1423 2192 1845 2243 Dorovernensis
1871 2192 2108 2244 ecclesiae
2135 2193 2337 2244 archie-

406 2263 673 2331 piscopUS,
702 2282 766 2315 ex
792 2264 893 2315 hac
927 2264 1063 2315 lucis
1097 2263 1485 2315 tenebrositate
1520 2264 1923 2331 transmigravit
1950 2265 2017 2315 ad
2043 2282 2178 2316 verae
2203 2265 2338 2316 lucis

406 2335 817 2387 beatitudinem.
895 2336 1081 2387 Abbas
1118 2353 1242 2388 vero
1281 2336 1645 2387 Ethelherdus
1689 2336 1986 2388 Hludensis
2025 2337 2338 2389 monasterii

405 2408 473 2459 ad
499 2408 726 2460 eandem
753 2408 936 2460 sedem
962 2416 1042 2460 est
1070 2408 1273 2460 electus
1301 2414 1354 2460 et
1381 2408 1659 2460 ordinatus
1686 2408 1979 2477 episcopus

1252 2577 1489 2629 nccxcli.

516 2675 678 2726 Anno
730 2676 954 2743 Dec.xcij
1011 2675 1246 2727 Karolus
1300 2694 1394 2727 rex
1452 2678 1782 2728 Francorum
1838 2676 1985 2727 misit
2041 2676 2336 2728 sinodalem

405 2746 606 2797 librum
632 2746 700 2797 ad
725 2747 1067 2797 Britanniam
1094 2748 1196 2798 sibi
1223 2766 1253 2798 a
1279 2748 1749 2816 Constantinopoli
1777 2749 2056 2800 directum.
2136 2750 2205 2799 In
2231 2766 2335 2816 quo

405 2818 563 2880 libro,
602 2818 727 2881 heu,
766 2836 863 2885 pro
902 2818 1082 2869 dolor!
1123 2819 1295 2870 multa
1325 2819 1757 2871 inconvenientia
1795 2826 1849 2872 et
1879 2838 2015 2871 verae
2052 2820 2173 2872 fidei
2208 2838 2333 2872 con-

406 2890 573 2941 traria
597 2890 941 2957 reperienteS,
980 2890 1212 2942 maxime
1239 2891 1381 2957 quod
1406 2909 1542 2958 pene
1569 2892 1810 2942 omnium
1837 2892 2181 2943 orientalium
2209 2892 2332 2943 doc-

407 2968 587 3012 torum
626 2979 737 3013 non
776 2962 954 3012 minus
995 2980 1156 3029 quam
1196 2969 1589 3014 trescentorum
1629 2964 1713 3015 vel
1758 2981 1819 3015 eo
1863 2964 2091 3031 amplius
2134 2964 2333 3031 episco-

405 3051 598 3101 porum
652 3033 911 3084 unanima
961 3034 1251 3085 assertione
1295 3035 1730 3086 confirmantium
1786 3036 2049 3103 imagines
2116 3036 2335 3087 adorare

408 3105 619 3168 debere,
672 3105 812 3173 quod
857 3106 1076 3157 omnino
1122 3107 1344 3158 ecclesia
1387 3107 1492 3159 Dei
1543 3114 1836 3159 execratur.
1940 3108 2143 3159 Contra
2193 3108 2336 3175 quod.

408 3177 620 3244 scripsit
645 3177 877 3228 Albinus
897 3178 1176 3245 epistolam
1194 3196 1256 3230 ex
1275 3180 1593 3231 auctoritate
1616 3180 1935 3231 Divinarum
1954 3180 2337 3247 scripturarum

406 3249 726 3300 mirabiliter
767 3250 1101 3313 affirmatam,
1141 3250 1397 3319 illamque
1433 3270 1556 3303 cum
1592 3252 1779 3303 eodem
1819 3252 1977 3314 libro,
2017 3259 2070 3303 et
2110 3269 2336 3319 persona

408 3321 776 3389 episcoporum
803 3338 864 3371 ac
889 3321 1190 3389 principum
1216 3331 1540 3387 nostrorum,
1576 3324 1692 3391 regi
1719 3325 2048 3375 Francorum
2075 3323 2300 3375 attulit-¹l

520 3394 646 3460 Ipso
691 3392 922 3460 denique
964 3411 1105 3444 anno
1149 3395 1388 3446 Osredus
1433 3396 1498 3447 de
1540 3396 1699 3447 exilio
1743 3396 2091 3447 sacramentis
2136 3403 2189 3446 et
2233 3395 2337 3447 fide

490 3515 507 3532 '¹
543 3507 700 3556 Occidi,
720 3508 784 3546 vel
803 3508 959 3547 occisus
978 3511 1051 3556 est,
1071 3507 1315 3549 interlined.

491 3569 514 3586 ¹⁶
546 3563 715 3608 Sancto,
735 3574 790 3601 an
810 3561 1141 3602 interlineation.

490 3624 510 3641 ³
540 3616 908 3663 W⁷inandermere‚
928 3629 976 3656 or
996 3616 1307 3658 lVindermere.

488 3680 508 3704 ³(
537 3672 621 3712 For
641 3684 695 3712 an
715 3675 894 3712 account
914 3673 960 3711 of
984 3672 1069 3711 this
1089 3675 1361 3725 controversy
1381 3673 1455 3713 the
1482 3673 1627 3714 reader
1654 3675 1770 3714 must
1796 3673 1892 3714 look
1913 3673 1958 3713 in
1980 3673 2203 3719 Baronius‚
2225 3673 2330 3720 xiii„

408 3727 471 3767 ed.
494 3726 612 3776 Pagi.
671 3726 854 3767 Albinus
874 3726 921 3776 is,
952 3726 998 3766 of
1023 3739 1182 3776 course,
1214 3727 1384 3768 Alcuin.
