2384 4126
306 364 410 413 104
917 379 1188 414 sYMEoNIS
1230 380 1620 414 DUNELMENSIS

301 523 425 573 rege
457 507 804 570 Scottorum,⁶
830 512 883 558 et
910 508 1147 574 Turgoto
1174 507 1357 558 Priore
1383 507 1708 574 ponentibus
1736 507 1935 575 primos
1954 507 2012 558 in
2038 508 2229 560 funda-

305 585 490 630 mento
516 578 735 646 lapides

415 651 661 702 “Comes
692 651 1221 719 Scrobbesbyriensis
1260 652 1523 719 RogerUS,
1567 658 1620 702 et
1646 651 1809 703 Wido
1847 652 2010 703 abbas
2047 653 2232 704 Sancti

304 728 338 751 “
359 723 670 790 Augustini,
700 730 753 774 et
780 724 979 774 Paulus
1009 723 1170 774 abbas
1198 724 1510 775 monasterii
1547 724 1733 774 Sancti
1760 725 1960 776 Albani
1992 724 2229 776 decesse-

305 795 539 846 “runt.”
617 796 730 847 Iste
769 796 966 846 Paulus
1003 803 1188 846 contra
1227 795 1578 846 interdictum
1612 797 1999 847 monachorum
2027 797 2230 848 Dunel-

304 867 572 918 mensium
608 868 887 919 ecclesiam
921 868 985 918 de
1025 867 1364 935 Tynemuthe
1400 886 1559 935 quam
1600 868 1701 936 ipsi
1734 870 2098 936 possederant,
2140 887 2234 937 per

301 939 615 990 violentiam
657 939 921 990 Rodberti
960 939 1171 990 comitis
1214 940 1503 1006 ingressus,
1546 946 1723 991 tactus
1766 941 1967 993 ibidem
2005 942 2229 992 infirmi-

302 1017 432 1074 tate,
460 1011 672 1063 rediens
697 1011 755 1061 in
780 1011 990 1073 itinere,
1017 1011 1076 1061 in
1105 1012 1455 1078 Seteringtun
1476 1013 1633 1079 juxta
1658 1013 1962 1064 Eboracum
1983 1014 2227 1065 moritur.

303 1088 338 1111 “
363 1086 478 1135 Rex
506 1084 814 1135 Scottorum
840 1083 1207 1134 Malcholmus
1242 1089 1295 1134 et
1330 1084 1719 1151 primogenitus
1757 1086 1896 1136 filius
1935 1087 2047 1153 ejus
2085 1086 2227 1137 Ead-

306 1160 339 1184 “
352 1156 559 1207 wardus
589 1173 709 1206 cum
738 1155 922 1205 multis
952 1155 1087 1217 aliis,
1114 1155 1173 1204 in
1198 1155 1591 1223 Northymbria
1611 1157 1694 1207 die
1714 1157 2018 1208 festivitatis
2047 1159 2233 1209 Sancti

303 1228 538 1290 “Bricii,
593 1246 623 1278 a
672 1227 937 1278 militibus
980 1227 1243 1278 Rodberti
1286 1227 1766 1279 Northimbrorum
1809 1230 2019 1281 comitis
2069 1231 2232 1282 occisi

304 1305 338 1328 “
357 1298 565 1351 sunt.’'d
639 1300 705 1350 In
749 1300 901 1367 cujus
936 1306 1109 1350 morte
1145 1299 1361 1367 justitia
1395 1300 1688 1367 judicantis
1731 1301 1835 1352 Dei
1881 1309 2061 1369 aperte
2103 1320 2229 1353 con-

300 1372 582 1435 sideratur,
608 1378 671 1422 ut
698 1371 946 1423 videlicet
971 1371 1030 1421 in
1055 1371 1150 1422 illa
1174 1372 1446 1438 provincia
1472 1390 1592 1423 cum
1622 1373 1730 1423 suis
1762 1373 2028 1437 interiret,
2069 1393 2230 1442 quam

302 1463 441 1512 saepe
491 1444 605 1511 ipse
656 1450 864 1495 vastare
923 1443 1146 1494 avaritia
1201 1444 1514 1496 stimulante
1575 1446 1867 1509 consuevit,
1933 1447 2235 1514 quinquies⁰

300 1535 533 1584 namque
559 1517 708 1567 illam
738 1516 904 1568 atroci
930 1516 1343 1584 depopulatione
1371 1517 1595 1579 attrivit,
1625 1523 1678 1569 et
1705 1518 1925 1570 miseros
1951 1519 2231 1586 indigenas

297 1590 356 1640 in
402 1589 714 1640 servitutem
755 1589 1075 1656 redigendos
1120 1588 1342 1640 abduxit
1381 1589 1634 1657 captivos.
1714 1591 1891 1642 Semel
1934 1592 2230 1643 Eadwardo

299 1667 578 1729 regnante,
620 1661 832 1728 quando
877 1661 1027 1712 Tosti
1068 1679 1245 1712 comes
1289 1661 1641 1713 Eboracensis
1685 1663 1954 1729 profectus
2001 1664 2230 1715 Romam

295 1735 487 1785 fuerat.
566 1734 775 1784 Iterum
800 1739 1061 1800 regnante
1088 1733 1383 1796 Willelmo,
1416 1734 1642 1801 ‘quando
1670 1735 1832 1786 etiam
1861 1736 2228 1788 Clivelandam

296 1806 651 1874 depopulatus
679 1812 774 1857 est.
852 1806 1033 1857 Tertio
1071 1812 1330 1872 regnante
1373 1807 1561 1857 eodem
1594 1825 1720 1874 rege
1750 1808 2022 1858 Willelmo
2057 1827 2226 1876 usque

301 1880 509 1947 Tynam
559 1895 887 1946 progressus,
939 1884 1061 1945 post
1113 1878 1281 1928 caedes
1332 1878 1612 1929 hominum
1665 1886 1718 1930 et
1775 1880 2227 1932 concremationes

296 1951 539 2002 locorum
575 1951 747 2000 multa
786 1967 909 2000 cum
943 1950 1122 2017 praeda
1161 1950 1463 2001 revertitur.
1543 1951 1769 2015 Quarto,
1801 1958 2061 2019 regnante
2087 1953 2225 2003 Wil-

294 2023 457 2075 lelmo
497 2023 530 2073 J
537 2022 740 2084 uniore,
781 2039 905 2073 cum
950 2022 1059 2072 suis
1104 2022 1271 2089 copiis
1309 2022 1534 2074 infinitis
1574 2042 1743 2090 usque
1781 2025 2075 2088 Ceastram,
2116 2043 2226 2076 non

294 2096 455 2162 longe
482 2114 512 2146 a
539 2095 809 2146 Dunelmo
837 2095 1012 2157 sitam,
1043 2095 1300 2161 pervenit,
1331 2095 1509 2146 animo
1536 2095 1824 2148 intendens
1852 2097 2078 2148 ulterius
2103 2115 2224 2165 pro-

293 2168 458 2234 gredi.
528 2167 635 2218 Sed
662 2166 895 2217 adunata
922 2173 1109 2217 contra
1136 2184 1260 2217 eum
1287 2167 1508 2218 militari
1534 2186 1699 2219 manu
1725 2187 1834 2219 non
1859 2169 2048 2232 multa,
2076 2176 2225 2221 metu

293 2240 409 2307 ipso
437 2240 595 2291 citius
621 2239 923 2290 revertitur.
1004 2238 1228 2302 Quinto,
1259 2257 1379 2291 cum
1407 2239 1554 2290 omni
1581 2258 1685 2307 quo
1706 2241 1882 2308 potuit
1909 2241 2145 2293 exercitu
2169 2242 2227 2293 in

295 2312 543 2363 ultimam
583 2311 911 2362 deducturus
947 2310 1350 2374 desolationem,
1392 2312 1845 2381 Northymbriam
1880 2314 2092 2377 invasit,
2134 2315 2227 2366 sed

287 2386 445 2453 juxta
485 2385 685 2435 flumen
719 2384 861 2435 Alne
898 2383 1181 2451 perimitur
1222 2402 1344 2435 cum
1381 2385 1737 2452 primogenito
1775 2404 1870 2436 suo
1910 2386 2224 2449 Eadwardo,

294 2476 454 2525 quem
491 2456 760 2508 haeredem
795 2456 948 2523 regni
982 2461 1102 2523 post
1144 2474 1198 2507 se
1235 2456 1585 2525 disposuerat.
1664 2458 1947 2509 Exercitus
1972 2459 2117 2510 illius
2142 2460 2227 2510 vel

295 2529 486 2597 gladiis
528 2528 850 2591 confoditur,
893 2528 978 2580 vel
1010 2528 1101 2595 qui
1137 2529 1341 2595 gladios
1381 2529 1637 2597 fugerunt
1671 2530 2023 2582 inundatione
2050 2531 2224 2582 flumi-

293 2621 444 2664 num,
510 2619 628 2668 quae
677 2607 810 2651 tunc
861 2600 1053 2668 pluviis
1105 2600 1426 2652 hiemalibus
1481 2602 1598 2669 plus
1651 2602 1810 2653 solito
1862 2610 2221 2667 excreverant,

293 2674 497 2725 absorti
523 2679 666 2724 sunt.
744 2674 950 2740 Corpus
978 2690 1103 2724 vero
1129 2673 1287 2740 regiS,
1317 2691 1440 2724 cum
1468 2692 1686 2725 suorum
1717 2675 1897 2726 nullus
1923 2684 2225 2727 remaneret

291 2746 384 2813 qui
409 2752 554 2797 terra
578 2744 713 2796 illud
743 2745 1052 2812 cooperiret,
1095 2745 1201 2796 duo
1238 2763 1300 2797 ex
1334 2746 1605 2813 indigenis
1641 2764 1791 2798 carro
1826 2747 2139 2814 impositum
2165 2748 2224 2799 in

289 2817 631 2886 Tynemuthe
658 2816 1000 2884 sepelierunt.
1082 2817 1278 2884 Sicque
1313 2817 1519 2869 factum
1556 2824 1636 2869 est
1673 2824 1733 2869 ut
1768 2819 1862 2870 ubi
1889 2820 2089 2870 multos
2114 2820 2224 2871 vita

375 3038 389 3055 ⁶
419 3031 557 3071 There
586 3030 622 3070 is
653 3043 709 3070 no
734 3030 928 3070 mention
950 3029 996 3070 os
1021 3029 1259 3070 Malcolm's
1278 3042 1475 3081 presence
1495 3043 1549 3070 on
1565 3030 1651 3070 this
1670 3031 1924 3072 memorable
1944 3032 2148 3083 occasion,
2177 3033 2223 3073 in

290 3087 365 3126 the
385 3086 501 3126 work
521 3086 567 3125 in
588 3085 727 3125 which
743 3085 788 3125 of
802 3085 858 3125 all
877 3086 1021 3125 others
1035 3097 1097 3125 we
1117 3085 1269 3125 should
1289 3085 1394 3125 have
1407 3086 1607 3136 expected
1626 3087 1671 3126 to
1684 3086 1789 3126 have
1805 3087 1937 3127 found
1956 3087 1992 3127 it
2010 3089 2223 3139 recorded,

290 3142 328 3181 if
349 3141 454 3181 such
473 3141 557 3181 had
576 3141 683 3181 been
704 3141 778 3180 the
798 3140 896 3190 fact,
925 3140 971 3179 in
998 3140 1218 3192 Symeon's
1238 3140 1421 3192 History
1440 3139 1486 3180 of
1510 3141 1584 3180 the
1612 3141 1786 3181 Ohurch
1807 3142 1854 3182 os
1876 3142 2085 3184 Durham.
2145 3144 2222 3184 See

289 3196 476 3236 Preface.
540 3195 711 3235 Fordun
734 3195 946 3236 mentions
972 3195 1038 3235 his
1068 3207 1280 3246 presence,
1310 3195 1393 3235 and
1414 3195 1517 3235 cites
1538 3195 1702 3248 Turgot
1722 3209 1766 3236 as
1785 3197 1852 3237 his
1871 3198 2105 3250 authority.
2165 3199 2222 3239 In

291 3265 346 3291 no
366 3264 470 3300 case,
499 3251 707 3301 however,
736 3251 788 3290 do
817 3250 1028 3290 Fordun’s
1060 3250 1302 3302 quotations
1329 3250 1438 3290 from
1466 3250 1631 3301 Turgot
1651 3252 1750 3291 bear
1770 3264 1854 3304 any
1874 3253 2157 3294 resemblance
2177 3257 2222 3294 to

289 3307 364 3347 the
385 3307 567 3358 History
586 3306 632 3346 of
655 3306 730 3346 the
750 3305 924 3346 Chureh
944 3305 990 3345 of
1014 3305 1224 3355 Durham,
1255 3318 1302 3345 or
1324 3306 1508 3345 advance
1533 3306 1608 3346 the
1634 3306 1757 3347 claim
1778 3307 1899 3348 made
1920 3321 1976 3348 on
1997 3309 2062 3348 his
2082 3309 2227 3350 behalf

290 3366 336 3402 to
355 3362 430 3402 the
450 3361 701 3412 authorship
722 3361 768 3400 of
792 3361 867 3400 the
885 3361 1003 3400 work
1023 3361 1069 3400 in
1090 3361 1329 3410 opposition
1347 3364 1392 3400 to
1413 3360 1609 3412 Symeon.

373 3417 392 3441 ‘²
422 3416 675 3457 Malcolmus
694 3428 769 3456 rex
790 3415 1033 3456 Scottorum
1054 3416 1099 3455 in
1119 3415 1433 3467 Northymbria
1451 3416 1611 3456 occisus
1631 3418 1706 3457 est.
1764 3419 1820 3456 In
1839 3420 2038 3470 maryine.

373 3479 388 3497 ⁶
416 3471 676 3524 Respecting
707 3471 826 3511 these
852 3472 932 3511 five
952 3470 1114 3522 alleged
1133 3470 1372 3511 incursions
1391 3470 1484 3511 into
1503 3470 1915 3523 Northumberland‚
1946 3486 2012 3514 see
2032 3474 2219 3516 Presace.

290 3527 425 3568 These
444 3527 703 3579 paragraphs
723 3527 853 3566 about
871 3526 946 3567 the
976 3526 1104 3567 death
1124 3527 1208 3566 and
1234 3525 1499 3577 expeditions
1519 3526 1566 3566 of
1590 3525 1790 3567 Malcolm
1812 3540 1882 3568 are
1902 3529 2060 3580 quoted
2080 3529 2126 3569 in
2146 3530 2220 3570 the

287 3582 415 3624 letter
445 3583 491 3622 of
514 3582 568 3623 R.
597 3582 648 3623 de
675 3581 885 3631 Durham,
917 3595 941 3621 a
970 3581 1100 3622 monk
1133 3582 1180 3622 os
1205 3581 1347 3631 KeIso,
1378 3582 1423 3621 to
1451 3581 1525 3621 the
1555 3581 1680 3622 Prior
1709 3583 1756 3622 of
1781 3583 2068 3636 Tynemouth.
2128 3584 2218 3625 'Phe

289 3638 420 3683 monk
452 3650 545 3690 says
575 3637 671 3677 that
700 3637 754 3687 he
781 3638 855 3688 got
883 3636 919 3676 it
949 3636 1035 3676 “in
1064 3636 1286 3677 Danorum
1317 3636 1510 3677 Historia
1522 3637 1547 3655 ”
1572 3637 1837 3686 (Memorials
1857 3639 1904 3679 of
1928 3638 2143 3690 Hexham,
2173 3640 2218 3689 1.,

289 3706 398 3745 app„
420 3692 508 3745 xv),
