2384 4126
866 332 1123 366 H1s⁷roR1A
1162 333 1371 367 REGUM.
2005 323 2075 371 43

158 476 185 509 e
212 456 462 508 tenebris
530 457 780 509 Elfredus
799 476 892 509 rex
905 449 1220 525 'Anglorum
1240 465 1399 509 natus
1426 464 1506 510 est
1532 458 1590 508 in
1615 459 1784 526 regali
1809 460 1933 511 villa
1959 479 2075 528 quae

157 529 222 579 ab
248 529 441 595 Anglis
460 529 785 597 VVanetinge
807 530 1104 597 appellatur
1124 551 1133 580 :
1164 531 1313 598 cujus
1341 530 1652 597 genealogia
1676 531 1773 581 tali
1793 532 1926 583 serie
1948 551 2072 583 con-

154 600 368 651 texitur.
445 600 631 651 Elsred
656 619 748 652 rex
769 602 910 652 filius
937 608 1050 653 erat
1075 602 1343 653 Ethelwlfi
1363 602 1522 668 regis,
1552 602 1643 669 qui
1667 602 1770 652 fuit
1790 603 2072 670 Egberhffi,

155 672 247 739 qui
272 672 373 722 fuit
398 672 715 735 Alhmundi,
738 673 830 740 qui
854 673 958 723 fuit
983 673 1125 736 Affa,
1155 673 1246 740 qui
1271 674 1373 724 fuit
1394 675 1596 741 Eoppa,
1626 674 1717 741 qui
1742 674 1846 725 fuit
1872 676 2071 742 Ingild.

156 743 337 810 Ingild
372 750 425 795 et
467 745 565 795 Ine
599 744 790 795 fratres
827 745 1060 796 fuerunt.
1139 746 1237 796 Ine
1274 763 1368 796 rex
1402 746 1787 797 famosissimus
1828 753 1942 797 erat
1980 765 2074 814 per

153 815 320 865 totius
340 816 471 866 fines
492 816 667 883 gentis
686 817 1006 883 Anglorum,
1029 817 1120 884 qui
1142 817 1573 868 Occidentalium
1599 818 1882 885 regionum
1906 836 2074 885 regna

152 887 403 953 regaliter
436 887 685 954 regebat,
725 895 795 951 et,
830 889 1058 955 peractis
1089 889 1145 939 in
1176 906 1340 955 regno
1370 889 1614 956 plurimis
1642 890 1813 952 annis,
1843 891 2072 941 Romam

153 959 404 1025 porrexit,
442 960 750 1027 relinquens
776 960 1003 1028 patriam
1031 966 1084 1011 et
1109 979 1334 1028 regnum
1363 979 1592 1029 praesens
1617 968 1677 1012 ut
1705 979 1826 1012 cum
1855 962 2072 1013 Christo

153 1030 445 1097 possideret
483 1038 759 1095 aeternum,
805 1032 947 1099 quod
992 1033 1041 1084 ei
1085 1033 1345 1084 concessit
1383 1033 1592 1084 Divinae
1630 1034 1926 1100 majestatis
1969 1034 2070 1084 im-

154 1103 376 1168 perium.
455 1103 552 1153 Hii
576 1103 794 1154 fuerunt
819 1104 916 1154 filii
943 1105 1223 1165 Coenredi‚
1265 1105 1353 1172 qui
1380 1105 1484 1155 fuit
1511 1105 1798 1167 Ceolwold,
1839 1106 1930 1172 qui
1967 1106 2070 1157 fuit

156 1174 324 1235 Cuda,
353 1174 443 1241 qui
468 1175 571 1226 fuit
593 1176 951 1239 Cutherwine,
973 1177 1065 1244 qui
1090 1176 1193 1227 fuit
1215 1177 1463 1240 Ceawlm,
1494 1177 1584 1244 qui
1609 1177 1711 1227 fuit
1739 1178 1937 1241 Cinric,
1979 1179 2070 1245 qui

153 1245 255 1297 fuit
287 1246 510 1309 Creoda,
551 1247 642 1314 qui
679 1247 780 1297 fuit
816 1248 1024 1311 Cerdic,
1065 1249 1156 1316 qui
1185 1249 1286 1299 fuit
1324 1249 1500 1313 Elesa,
1541 1249 1629 1316 qui
1662 1249 1764 1299 fuit
1804 1250 1997 1312 Gewis,
2040 1269 2071 1301 a

156 1336 260 1384 quo
304 1318 554 1369 Britones
598 1325 767 1369 totam
812 1319 962 1370 illam
1007 1326 1223 1387 gentem
1268 1320 1445 1371 Grewis
1488 1321 1788 1384 nominant,
1833 1322 1923 1388 qui
1966 1322 2069 1372 suit

155 1389 354 1452 Brand,
384 1390 474 1457 qui
499 1391 600 1441 fuit
628 1391 809 1454 Belde,
843 1392 934 1458 qui
959 1392 1062 1442 fuit
1089 1392 1317 1455 Woden,
1347 1392 1436 1460 qui
1462 1393 1564 1443 fuit
1592 1393 1937 1456 Frithuwald,
1978 1394 2069 1460 qui

152 1461 256 1511 fuit
284 1462 508 1524 Frealaf,
538 1462 627 1529 qui
652 1463 756 1513 fuit
783 1463 1105 1527 Frithenulf,
1133 1464 1224 1530 qui
1249 1464 1353 1514 fuit
1381 1464 1539 1525 Geta,
1568 1483 1726 1531 quem
1746 1465 2068 1533 jamdudum

151 1533 352 1599 Pagani
378 1551 472 1600 pro
498 1534 615 1585 Deo
639 1535 1044 1586 venerabantur.
1135 1536 1302 1603 Cujus
1338 1536 1605 1598 Sedulius,
1642 1543 1798 1603 poeta
1823 1536 2067 1604 insignis,

150 1605 476 1656 mentionem
501 1606 702 1657 faciens
727 1606 778 1656 in
809 1607 1016 1656 Pascali
1042 1607 1293 1669 carmine,
1320 1608 1397 1657 ita
1423 1625 1639 1658 exorsus
1667 1614 1762 1658 est.

553 1704 702 1744 “Cum
722 1717 796 1743 sua
816 1704 1006 1744 Gentiles
1026 1705 1224 1744 studeant
1244 1706 1446 1756 figmenta
1465 1706 1599 1756 poetae

589 1758 864 1799 Grandisonis
883 1772 1083 1810 pompare
1102 1760 1236 1799 modis
1257 1760 1501 1811 tragicoque
1521 1761 1651 1800 boatu

587 1813 836 1855 Ridiculove
857 1814 976 1855 Getae
996 1827 1071 1854 seu
1090 1814 1278 1866 qualibet
1297 1820 1387 1855 art-e
1411 1814 1657 1865 canendi,''s
1671 1819 1711 1854 et
1730 1819 1895 1856 eaetera.

150 1895 258 1948 Qui
298 1896 439 1947 Geta
475 1896 578 1947 fuit
615 1897 812 1959 Cetwa,
857 1896 948 1964 qui
981 1896 1085 1947 fuit
1120 1898 1296 1960 Beaw,
1335 1897 1424 1964 qui
1450 1897 1553 1948 fuit
1582 1898 1806 1960 Seldwa,
1848 1898 1938 1965 qui
1964 1899 2067 1950 fuit

150 1968 440 2031 Heremod,
480 1968 570 2035 qui
595 1968 698 2018 fuit
725 1969 982 2032 Itermod,
1023 1969 1113 2036 qui
1144 1970 1244 2020 fuit
1280 1970 1471 2032 Hatra,
1513 1970 1604 2036 qui
1628 1970 1732 2020 fuit
1759 1971 1934 2035 VVala,
1975 1973 2066 2039 qui

145 2040 249 2090 fuit
279 2040 511 2107 Bedwig,
554 2041 645 2108 qui
677 2041 781 2091 fuit
822 2042 965 2104 Sem,
1006 2042 1096 2109 qui
1121 2042 1224 2092 fuit
1250 2042 1389 2103 Noe,
1431 2042 1523 2109 qui
1548 2042 1651 2092 fuit
1678 2042 1931 2106 Lamech,
1973 2045 2064 2111 qui

145 2112 248 2162 fuit
289 2113 632 2175 Matusalem‚
686 2113 776 2180 qui
818 2113 922 2163 fuit
962 2113 1168 2177 Enoch,
1222 2113 1314 2180 qui
1356 2114 1459 2164 fuit
1505 2114 1776 2177 Malaleel,
1829 2115 1920 2182 qui
1959 2116 2063 2166 fuit

147 2184 381 2247 Canaan,
429 2185 520 2251 qui
563 2154 667 2235 fuit
709 2186 873 2248 Enos,
920 2185 1012 2252 qui
1050 2185 1155 2235 fuit
1202 2185 1352 2248 Seth,
1399 2186 1490 2252 qui
1530 2186 1633 2236 fuit
1677 2186 1854 2237 Adam
1903 2188 2063 2254 primi

144 2255 393 2307 hominis.
470 2257 652 2307 Mater
691 2274 815 2307 vero
854 2257 996 2323 regis
1036 2257 1242 2308 Elfredi
1274 2257 1490 2337 Osburg
1517 2257 1780 2337 appellata
1813 2265 1909 2321 est,
1947 2277 2063 2325 quae

145 2334 258 2378 erat
283 2328 532 2394 religiosa
561 2328 790 2378 nimium
824 2328 1025 2379 femina
1060 2329 1358 2396 nobilisque
1393 2329 1627 2396 ingenio,
1670 2348 1829 2397 quam
1866 2330 2059 2381 nobili-

143 2405 312 2450 tatem
358 2400 629 2450 exornavit
673 2400 956 2467 prudentia
999 2401 1211 2451 mentis.
1303 2402 1435 2451 Erat
1487 2418 1696 2468 quoque
1746 2407 1895 2468 pater
1946 2403 2060 2469 ejus

146 2472 305 2522 Oslac
330 2472 612 2533 vocitatus,
651 2472 742 2538 qui
775 2472 879 2522 fuit
914 2472 1166 2539 pincerna
1190 2472 1459 2523 Ethelwlfi
1484 2473 1626 2539 regis
1653 2473 1874 2524 devotus
1902 2481 2061 2542 atque

143 2543 497 2594 fidelissimus.
591 2544 757 2595 Ortus
801 2543 944 2595 enim
984 2544 1087 2595 fuit
1130 2544 1195 2595 de
1237 2544 1432 2595 Gothis
1474 2551 1527 2595 et
1572 2545 1605 2594 J
1611 2545 1718 2595 utis
1759 2545 1824 2597 de
1859 2547 2062 2598 semine

146 2615 322 2682 Stuph
354 2621 407 2666 et
438 2615 692 2682 Wihtgar
723 2615 951 2666 duorum
980 2616 1248 2667 fratrumfl

254 2687 358 2737 His
410 2687 483 2738 510
531 2687 822 2754 praelibatis
865 2688 980 2755 jam
1028 2706 1124 2756 pro
1173 2706 1326 2756 posse
1378 2694 1685 2757 susceptum
1736 2707 2063 2756 exequamur

143 2759 421 2826 negotium
457 2759 689 2827 suscepti
724 2760 913 2827 operis.

998 2886 1209 2920 DCCCLI.

250 2969 411 3019 Anno
437 2968 734 3020 Dominicae
757 2967 1141 3019 incarnationis
1176 2967 1390 3035 Dccc.lj,
1427 2966 1725 3017 nativitatis
1751 2965 1957 3017 Elfredi
1982 2965 2061 3033 iij,

145 3040 300 3090 Ceorl
328 3058 504 3091 comes
538 3041 794 3108 pugnavit
829 3047 1016 3091 contra
1048 3041 1250 3102 Danos,
1294 3046 1346 3090 et
1375 3038 1669 3089 Christiani
1694 3038 1969 3089 victoriam
1997 3038 2062 3088 de

142 3111 372 3163 inimicis
408 3113 585 3180 adepti
625 3118 766 3163 sunt.
843 3112 988 3163 Dani
1023 3130 1230 3179 quoque
1265 3111 1636 3162 hiemaverunt
1662 3110 1719 3160 in
1744 3110 1919 3160 insula
1946 3127 2063 3176 quae

143 3190 362 3234 vocatur
403 3185 645 3252 Scepige,
686 3184 743 3235 id
784 3190 865 3236 est
904 3184 1090 3234 Insula
1134 3183 1347 3235 Ovium.
1425 3183 1631 3233 Eodem
1665 3200 1804 3233 anno
1835 3200 2063 3248 magnus

220 3295 244 3327 s
269 3296 401 3337 These
420 3309 490 3337 are
509 3297 583 3337 the
603 3299 693 3337 first
712 3298 832 3338 three
850 3297 957 3338 lines
976 3297 1022 3337 of
1047 3297 1121 3337 the
1146 3295 1348 3336 Paschale
1374 3295 1493 3347 Opus
1522 3294 1568 3334 of
1591 3294 1801 3335 Sedulius.
1861 3293 1924 3335 Cf
1953 3293 2062 3345 Opp.

145 3349 263 3389 Poet.
282 3350 391 3401 Lat„
410 3351 546 3393 Lond.
568 3353 690 3399 1713,
711 3352 769 3402 11.,
789 3355 910 3393 1660.

226 3412 249 3436 δ’
279 3405 368 3445 'Phe
394 3407 526 3447 whole
556 3407 602 3447 of
625 3408 699 3447 the
729 3406 965 3459 paragraph
993 3408 1038 3447 to
1066 3406 1152 3446 this
1180 3405 1301 3457 point
1325 3404 1360 3445 is
1379 3405 1509 3444 taken
1529 3404 1638 3444 from
1657 3403 1797 3453 Asser,
1824 3403 1963 3443 where
1989 3403 2062 3443 the

149 3459 366 3509 quotation
395 3461 502 3500 from
530 3461 758 3501 Sedulius'
749 3475 783 3501 15
809 3462 1017 3502 extended
1045 3463 1089 3501 to
1115 3463 1188 3501 ten
1219 3461 1337 3500 lines.
1396 3460 1486 3499 'Phe
1512 3459 1755 3520 genealogy,
1783 3459 1885 3498 both
1911 3458 1956 3496 111
1988 3458 2062 3497 the

148 3516 316 3573 present
334 3517 425 3554 text
444 3516 591 3556 andin
610 3516 750 3566 Asser,
776 3516 811 3556 is
831 3517 988 3568 replete
1008 3516 1140 3556 with
1130 3514 1424 3564 lriaccuraoies,
1450 3514 1589 3554 which
1609 3514 1672 3553 it
1664 3527 1698 3552 15
1720 3525 1922 3552 unnecess
1917 3525 1999 3563 ar)
2021 3515 2065 3551 to

150 3566 269 3616 point
289 3569 393 3607 out
384 3582 427 3607 111
455 3570 593 3609 detail.
650 3570 690 3610 A
710 3584 825 3612 more
845 3574 1038 3611 accurate
1058 3571 1222 3611 version
1244 3570 1326 3609 will
1347 3570 1397 3609 be
1414 3547 1579 3608 found
1569 3582 1612 3607 m
1634 3569 1706 3608 the
1727 3568 1862 3607 Saxon
1884 3566 2065 3607 Chroni—

151 3621 211 3660 cle
231 3622 342 3661 and
333 3635 376 3661 m
397 3622 597 3664 1¹·101enoe
617 3625 661 3664 of
679 3626 733 3664 W
738 3639 852 3666 01500
835 3629 931 3666 ster.
991 3626 1110 3666 Mon.
1134 3625 1262 3671 Hist„
1284 3637 1323 3675 p
1345 3627 1456 3670 348„
1476 3625 1542 3669 ib„
1563 3636 1604 3674 p.
1629 3625 1722 3662 549.
