<?xml version="1.0" encoding="UTF-8"?>
<!DOCTYPE html PUBLIC "-//W3C//DTD XHTML 1.0 Transitional//EN"
    "http://www.w3.org/TR/xhtml1/DTD/xhtml1-transitional.dtd">
<html xmlns="http://www.w3.org/1999/xhtml" xml:lang="en" lang="en">
 <head>
  <title>
</title>
<meta http-equiv="Content-Type" content="text/html;charset=utf-8" />
  <meta name='ocr-system' content='tesseract 3.04.00' />
  <meta name='ocr-capabilities' content='ocr_page ocr_carea ocr_par ocr_line ocrx_word'/>
</head>
<body>
  <div class='ocr_page' id='page_1' title='image "./operacollect00simerich_0273.png"; bbox 0 0 2384 4126; ppageno 0'>
   <div class='ocr_carea' id='block_1_1' title="bbox 833 371 2062 419">
    <p class='ocr_par' dir='ltr' id='par_1_1' title="bbox 833 371 2062 419">
     <span class='ocr_line' id='line_1_1' title="bbox 833 371 2062 419; baseline 0 0"><span class='ocrx_word' id='word_1_1' title='bbox 833 385 1026 419; x_wconf 77' lang='lat' dir='ltr'>sANCTI</span> <span class='ocrx_word' id='word_1_2' title='bbox 1065 384 1395 419; x_wconf 77' lang='lat' dir='ltr'>CUTHBERTI.</span> <span class='ocrx_word' id='word_1_3' title='bbox 1960 371 2062 419; x_wconf 85' lang='lat'>183</span> 
     </span>
    </p>
   </div>
   <div class='ocr_carea' id='block_1_2' title="bbox 113 510 2063 2804">
    <p class='ocr_par' dir='ltr' id='par_1_2' title="bbox 113 510 2063 2804">
     <span class='ocr_line' id='line_1_2' title="bbox 150 510 2062 579; baseline -0.002 -16"><span class='ocrx_word' id='word_1_4' title='bbox 150 512 362 563; x_wconf 78' lang='lat' dir='ltr'>sessoris</span> <span class='ocrx_word' id='word_1_5' title='bbox 388 511 597 579; x_wconf 87' lang='lat' dir='ltr'>gravius</span> <span class='ocrx_word' id='word_1_6' title='bbox 625 529 784 578; x_wconf 91' lang='lat' dir='ltr'>quam</span> <span class='ocrx_word' id='word_1_7' title='bbox 810 529 874 562; x_wconf 85' lang='lat' dir='ltr'>ex</span> <span class='ocrx_word' id='word_1_8' title='bbox 900 511 1044 561; x_wconf 85' lang='lat' dir='ltr'>furto</span> <span class='ocrx_word' id='word_1_9' title='bbox 1072 510 1274 561; x_wconf 81' lang='lat' dir='ltr'>crimen</span> <span class='ocrx_word' id='word_1_10' title='bbox 1308 510 1551 561; x_wconf 82' lang='lat' dir='ltr'><strong>incurrit.</strong></span> <span class='ocrx_word' id='word_1_11' title='bbox 1628 510 1877 561; x_wconf 81' lang='lat' dir='ltr'>Ferocius</span> <span class='ocrx_word' id='word_1_12' title='bbox 1917 512 2062 561; x_wconf 90' lang='lat' dir='ltr'>enim</span> 
     </span>
     <span class='ocr_line' id='line_1_3' title="bbox 150 582 2063 649; baseline -0.001 -15"><span class='ocrx_word' id='word_1_13' title='bbox 150 602 309 649; x_wconf 91' lang='lat' dir='ltr'>quam</span> <span class='ocrx_word' id='word_1_14' title='bbox 351 589 475 634; x_wconf 92' lang='lat' dir='ltr'>ante</span> <span class='ocrx_word' id='word_1_15' title='bbox 509 582 806 634; x_wconf 85' lang='lat' dir='ltr'>maledictis</span> <span class='ocrx_word' id='word_1_16' title='bbox 847 589 901 633; x_wconf 95' lang='lat' dir='ltr'>et</span> <span class='ocrx_word' id='word_1_17' title='bbox 942 582 1193 633; x_wconf 87' lang='lat' dir='ltr'>conviciis</span> <span class='ocrx_word' id='word_1_18' title='bbox 1230 582 1599 633; x_wconf 75' lang='lat' dir='ltr'>obsecrantem</span> <span class='ocrx_word' id='word_1_19' title='bbox 1642 582 1967 648; x_wconf 80' lang='lat' dir='ltr'>aggreditur,</span> <span class='ocrx_word' id='word_1_20' title='bbox 2010 589 2063 633; x_wconf 89' lang='lat' dir='ltr'>et</span> 
     </span>
     <span class='ocr_line' id='line_1_4' title="bbox 141 653 2063 721; baseline -0.001 -16"><span class='ocrx_word' id='word_1_21' title='bbox 141 655 273 721; x_wconf 85' lang='lat' dir='ltr'>jam,</span> <span class='ocrx_word' id='word_1_22' title='bbox 292 655 336 705; x_wconf 90' lang='lat' dir='ltr'>si</span> <span class='ocrx_word' id='word_1_23' title='bbox 355 655 530 706; x_wconf 92' lang='lat' dir='ltr'>denuo</span> <span class='ocrx_word' id='word_1_24' title='bbox 546 655 669 705; x_wconf 92' lang='lat' dir='ltr'>inde</span> <span class='ocrx_word' id='word_1_25' title='bbox 685 673 742 705; x_wconf 90' lang='lat' dir='ltr'>os</span> <span class='ocrx_word' id='word_1_26' title='bbox 760 654 961 721; x_wconf 89' lang='lat' dir='ltr'>aperire</span> <span class='ocrx_word' id='word_1_27' title='bbox 977 654 1389 721; x_wconf 87' lang='lat' dir='ltr'>praesumpserit,</span> <span class='ocrx_word' id='word_1_28' title='bbox 1406 653 1738 704; x_wconf 87' lang='lat' dir='ltr'>inferendam</span> <span class='ocrx_word' id='word_1_29' title='bbox 1754 653 1835 703; x_wconf 91' lang='lat' dir='ltr'>illi</span> <span class='ocrx_word' id='word_1_30' title='bbox 1849 671 2063 720; x_wconf 89' lang='lat' dir='ltr'>poenam</span> 
     </span>
     <span class='ocr_line' id='line_1_5' title="bbox 148 725 2060 793; baseline -0.001 -17"><span class='ocrx_word' id='word_1_31' title='bbox 148 726 400 777; x_wconf 90' lang='lat' dir='ltr'>minatur.</span> <span class='ocrx_word' id='word_1_32' title='bbox 486 726 661 779; x_wconf 75' lang='lat' dir='ltr'>Quem</span> <span class='ocrx_word' id='word_1_33' title='bbox 693 744 826 793; x_wconf 92' lang='lat' dir='ltr'>puer</span> <span class='ocrx_word' id='word_1_34' title='bbox 856 726 1142 777; x_wconf 90' lang='lat' dir='ltr'>abeuntem</span> <span class='ocrx_word' id='word_1_35' title='bbox 1180 744 1524 793; x_wconf 87' lang='lat' dir='ltr'>prosequens,</span> <span class='ocrx_word' id='word_1_36' title='bbox 1564 725 1664 775; x_wconf 89' lang='lat' dir='ltr'>hac</span> <span class='ocrx_word' id='word_1_37' title='bbox 1702 743 1829 776; x_wconf 90' lang='lat' dir='ltr'>voce</span> <span class='ocrx_word' id='word_1_38' title='bbox 1866 725 2060 791; x_wconf 89' lang='lat' dir='ltr'>impre-</span> 
     </span>
     <span class='ocr_line' id='line_1_6' title="bbox 150 796 2063 865; baseline -0.001 -18"><span class='ocrx_word' id='word_1_39' title='bbox 150 803 316 859; x_wconf 82' lang='lat' dir='ltr'>catur,</span> <span class='ocrx_word' id='word_1_40' title='bbox 347 798 596 860; x_wconf 61' lang='grc' dir='ltr'>ί(Ελ1113,”</span> <span class='ocrx_word' id='word_1_41' title='bbox 628 798 820 865; x_wconf 90' lang='lat' dir='ltr'>inquit,</span> <span class='ocrx_word' id='word_1_42' title='bbox 858 802 1008 864; x_wconf 80' lang='lat' dir='ltr'>“ego</span> <span class='ocrx_word' id='word_1_43' title='bbox 1047 815 1156 848; x_wconf 91' lang='lat' dir='ltr'>non</span> <span class='ocrx_word' id='word_1_44' title='bbox 1194 815 1426 864; x_wconf 90' lang='lat' dir='ltr'>possum,</span> <span class='ocrx_word' id='word_1_45' title='bbox 1468 798 1697 848; x_wconf 90' lang='lat' dir='ltr'>Sanctus</span> <span class='ocrx_word' id='word_1_46' title='bbox 1731 796 2063 847; x_wconf 88' lang='lat' dir='ltr'>Cuthbertus</span> 
     </span>
     <span class='ocr_line' id='line_1_7' title="bbox 150 868 2060 937; baseline -0.001 -19"><span class='ocrx_word' id='word_1_47' title='bbox 150 869 456 937; x_wconf 79' lang='lat' dir='ltr'>“injuriam</span> <span class='ocrx_word' id='word_1_48' title='bbox 481 888 655 921; x_wconf 90' lang='lat' dir='ltr'>meam</span> <span class='ocrx_word' id='word_1_49' title='bbox 680 869 1025 921; x_wconf 83' lang='lat' dir='ltr'>ulciscatur.”</span> <span class='ocrx_word' id='word_1_50' title='bbox 1107 870 1348 932; x_wconf 80' lang='lat' dir='ltr'>Dixerat,</span> <span class='ocrx_word' id='word_1_51' title='bbox 1388 876 1441 920; x_wconf 94' lang='lat' dir='ltr'>et</span> <span class='ocrx_word' id='word_1_52' title='bbox 1469 869 1611 919; x_wconf 91' lang='lat' dir='ltr'>dicta</span> <span class='ocrx_word' id='word_1_53' title='bbox 1636 868 1858 919; x_wconf 89' lang='lat' dir='ltr'>ultionis</span> <span class='ocrx_word' id='word_1_54' title='bbox 1885 869 2060 934; x_wconf 90' lang='lat' dir='ltr'>sequi-</span> 
     </span>
     <span class='ocr_line' id='line_1_8' title="bbox 147 937 2063 1008; baseline 0 -18"><span class='ocrx_word' id='word_1_55' title='bbox 147 946 238 990; x_wconf 91' lang='lat' dir='ltr'>tur</span> <span class='ocrx_word' id='word_1_56' title='bbox 255 937 427 1007; x_wconf 88' lang='lat' dir='ltr'>poena.</span> <span class='ocrx_word' id='word_1_57' title='bbox 492 942 636 992; x_wconf 92' lang='lat' dir='ltr'>Nam</span> <span class='ocrx_word' id='word_1_58' title='bbox 658 959 779 992; x_wconf 90' lang='lat' dir='ltr'>cum</span> <span class='ocrx_word' id='word_1_59' title='bbox 799 942 957 1008; x_wconf 92' lang='lat' dir='ltr'>paulo</span> <span class='ocrx_word' id='word_1_60' title='bbox 978 946 1102 992; x_wconf 91' lang='lat' dir='ltr'>ante</span> <span class='ocrx_word' id='word_1_61' title='bbox 1122 941 1358 1008; x_wconf 90' lang='lat' dir='ltr'>integros</span> <span class='ocrx_word' id='word_1_62' title='bbox 1378 940 1616 1002; x_wconf 89' lang='lat' dir='ltr'>haberet,</span> <span class='ocrx_word' id='word_1_63' title='bbox 1645 940 1853 991; x_wconf 88' lang='lat' dir='ltr'>subitus</span> <span class='ocrx_word' id='word_1_64' title='bbox 1880 940 2063 990; x_wconf 93' lang='grc'>0011108</span> 
     </span>
     <span class='ocr_line' id='line_1_9' title="bbox 148 1012 2063 1080; baseline 0 -18"><span class='ocrx_word' id='word_1_65' title='bbox 148 1012 298 1063; x_wconf 92' lang='lat' dir='ltr'>dolor</span> <span class='ocrx_word' id='word_1_66' title='bbox 337 1019 390 1063; x_wconf 91' lang='lat' dir='ltr'>et</span> <span class='ocrx_word' id='word_1_67' title='bbox 429 1012 608 1064; x_wconf 88' lang='lat' dir='ltr'>infusa</span> <span class='ocrx_word' id='word_1_68' title='bbox 642 1013 813 1079; x_wconf 90' lang='lat' dir='ltr'>caligo</span> <span class='ocrx_word' id='word_1_69' title='bbox 846 1019 1100 1080; x_wconf 86' lang='lat' dir='ltr'>pererrat,</span> <span class='ocrx_word' id='word_1_70' title='bbox 1143 1019 1204 1063; x_wconf 91' lang='lat' dir='ltr'>ut</span> <span class='ocrx_word' id='word_1_71' title='bbox 1232 1013 1346 1080; x_wconf 84' lang='lat' dir='ltr'>jam</span> <span class='ocrx_word' id='word_1_72' title='bbox 1377 1031 1487 1064; x_wconf 91' lang='lat' dir='ltr'>non</span> <span class='ocrx_word' id='word_1_73' title='bbox 1513 1012 1687 1075; x_wconf 86' lang='lat' dir='ltr'>facile,</span> <span class='ocrx_word' id='word_1_74' title='bbox 1714 1012 1817 1062; x_wconf 91' lang='lat' dir='ltr'>nisi</span> <span class='ocrx_word' id='word_1_75' title='bbox 1842 1030 2063 1062; x_wconf 86' lang='lat' dir='ltr'>manum</span> 
     </span>
     <span class='ocr_line' id='line_1_10' title="bbox 146 1084 2063 1152; baseline -0.001 -18"><span class='ocrx_word' id='word_1_76' title='bbox 146 1084 280 1135; x_wconf 89' lang='lat' dir='ltr'>alter</span> <span class='ocrx_word' id='word_1_77' title='bbox 303 1085 613 1152; x_wconf 85' lang='lat' dir='ltr'>porrigeret,</span> <span class='ocrx_word' id='word_1_78' title='bbox 648 1085 871 1152; x_wconf 92' lang='lat' dir='ltr'>pedibus</span> <span class='ocrx_word' id='word_1_79' title='bbox 897 1085 1281 1136; x_wconf 89' lang='lat' dir='ltr'>offendiculum</span> <span class='ocrx_word' id='word_1_80' title='bbox 1305 1085 1417 1152; x_wconf 89' lang='lat' dir='ltr'>ipse</span> <span class='ocrx_word' id='word_1_81' title='bbox 1442 1090 1776 1152; x_wconf 75' lang='lat' dir='ltr'>praecaveret.</span> <span class='ocrx_word' id='word_1_82' title='bbox 1856 1084 1979 1136; x_wconf 75' lang='lat' dir='ltr'>Quo</span> <span class='ocrx_word' id='word_1_83' title='bbox 2005 1084 2063 1134; x_wconf 89' lang='lat' dir='ltr'>in</span> 
     </span>
     <span class='ocr_line' id='line_1_11' title="bbox 145 1155 2061 1223; baseline 0 -18"><span class='ocrx_word' id='word_1_84' title='bbox 145 1155 288 1206; x_wconf 87' lang='lat' dir='ltr'>facto</span> <span class='ocrx_word' id='word_1_85' title='bbox 329 1157 620 1208; x_wconf 88' lang='lat' dir='ltr'>secundum</span> <span class='ocrx_word' id='word_1_86' title='bbox 654 1157 907 1208; x_wconf 88' lang='lat' dir='ltr'>meritum</span> <span class='ocrx_word' id='word_1_87' title='bbox 942 1157 1223 1208; x_wconf 85' lang='lat' dir='ltr'>ordinante</span> <span class='ocrx_word' id='word_1_88' title='bbox 1268 1158 1385 1208; x_wconf 93' lang='lat' dir='ltr'>Deo</span> <span class='ocrx_word' id='word_1_89' title='bbox 1425 1156 1716 1223; x_wconf 88' lang='lat' dir='ltr'>flagellum,</span> <span class='ocrx_word' id='word_1_90' title='bbox 1758 1155 1834 1206; x_wconf 90' lang='lat' dir='ltr'>ibi</span> <span class='ocrx_word' id='word_1_91' title='bbox 1874 1156 2061 1223; x_wconf 86' lang='lat' dir='ltr'>recipit</span> 
     </span>
     <span class='ocr_line' id='line_1_12' title="bbox 146 1228 2061 1296; baseline -0.001 -18"><span class='ocrx_word' id='word_1_92' title='bbox 146 1228 396 1279; x_wconf 87' lang='lat' dir='ltr'>effectum</span> <span class='ocrx_word' id='word_1_93' title='bbox 424 1229 637 1280; x_wconf 89' lang='lat' dir='ltr'>dolendi</span> <span class='ocrx_word' id='word_1_94' title='bbox 661 1229 804 1279; x_wconf 90' lang='lat' dir='ltr'>unde</span> <span class='ocrx_word' id='word_1_95' title='bbox 829 1235 1155 1296; x_wconf 85' lang='lat' dir='ltr'>processerat</span> <span class='ocrx_word' id='word_1_96' title='bbox 1176 1247 1335 1279; x_wconf 88' lang='lat' dir='ltr'>causa</span> <span class='ocrx_word' id='word_1_97' title='bbox 1355 1228 1714 1295; x_wconf 90' lang='lat' dir='ltr'>delinquendi.</span> <span class='ocrx_word' id='word_1_98' title='bbox 1782 1228 1890 1280; x_wconf 76' lang='lat' dir='ltr'>Qui</span> <span class='ocrx_word' id='word_1_99' title='bbox 1917 1228 2061 1279; x_wconf 91' lang='lat' dir='ltr'>enim</span> 
     </span>
     <span class='ocr_line' id='line_1_13' title="bbox 146 1299 2060 1369; baseline 0.001 -20"><span class='ocrx_word' id='word_1_100' title='bbox 146 1299 399 1368; x_wconf 84' lang='lat' dir='ltr'>injuriam</span> <span class='ocrx_word' id='word_1_101' title='bbox 424 1300 623 1351; x_wconf 86' lang='lat' dir='ltr'>fecerat</span> <span class='ocrx_word' id='word_1_102' title='bbox 647 1301 992 1351; x_wconf 90' lang='lat' dir='ltr'>illicientibus</span> <span class='ocrx_word' id='word_1_103' title='bbox 1020 1301 1205 1362; x_wconf 89' lang='lat' dir='ltr'>oculis,</span> <span class='ocrx_word' id='word_1_104' title='bbox 1245 1301 1456 1369; x_wconf 80' lang='lat' dir='ltr'>injuriae</span> <span class='ocrx_word' id='word_1_105' title='bbox 1489 1318 1701 1367; x_wconf 89' lang='lat' dir='ltr'>poenam</span> <span class='ocrx_word' id='word_1_106' title='bbox 1740 1299 1930 1367; x_wconf 87' lang='lat' dir='ltr'>recipit</span> <span class='ocrx_word' id='word_1_107' title='bbox 1967 1300 2060 1350; x_wconf 95' lang='lat' dir='ltr'>do-</span> 
     </span>
     <span class='ocr_line' id='line_1_14' title="bbox 146 1371 2062 1439; baseline 0 -18"><span class='ocrx_word' id='word_1_108' title='bbox 146 1371 379 1423; x_wconf 88' lang='lat' dir='ltr'>lentibus</span> <span class='ocrx_word' id='word_1_109' title='bbox 420 1373 603 1423; x_wconf 89' lang='lat' dir='ltr'>oculis.</span> <span class='ocrx_word' id='word_1_110' title='bbox 681 1373 769 1423; x_wconf 87' lang='lat' dir='ltr'>Ita</span> <span class='ocrx_word' id='word_1_111' title='bbox 800 1372 891 1439; x_wconf 90' lang='lat' dir='ltr'>qui</span> <span class='ocrx_word' id='word_1_112' title='bbox 918 1373 1071 1423; x_wconf 87' lang='lat' dir='ltr'>alteri</span> <span class='ocrx_word' id='word_1_113' title='bbox 1094 1372 1323 1423; x_wconf 88' lang='lat' dir='ltr'>furando</span> <span class='ocrx_word' id='word_1_114' title='bbox 1351 1372 1627 1439; x_wconf 88' lang='lat' dir='ltr'>cingulum</span> <span class='ocrx_word' id='word_1_115' title='bbox 1655 1372 1829 1434; x_wconf 90' lang='lat' dir='ltr'>solvit,</span> <span class='ocrx_word' id='word_1_116' title='bbox 1869 1372 1979 1439; x_wconf 90' lang='lat' dir='ltr'>ipse</span> <span class='ocrx_word' id='word_1_117' title='bbox 2006 1389 2062 1422; x_wconf 90' lang='lat' dir='ltr'>se</span> 
     </span>
     <span class='ocr_line' id='line_1_15' title="bbox 144 1443 2059 1511; baseline 0 -18"><span class='ocrx_word' id='word_1_118' title='bbox 144 1443 414 1494; x_wconf 88' lang='lat' dir='ltr'>funiculus</span> <span class='ocrx_word' id='word_1_119' title='bbox 460 1444 665 1511; x_wconf 91' lang='lat' dir='ltr'>peccati</span> <span class='ocrx_word' id='word_1_120' title='bbox 709 1450 762 1495; x_wconf 90' lang='lat' dir='ltr'>et</span> <span class='ocrx_word' id='word_1_121' title='bbox 805 1462 963 1511; x_wconf 91' lang='lat' dir='ltr'>poena</span> <span class='ocrx_word' id='word_1_122' title='bbox 1011 1450 1290 1511; x_wconf 88' lang='lat' dir='ltr'>peccatum</span> <span class='ocrx_word' id='word_1_123' title='bbox 1339 1444 1644 1495; x_wconf 84' lang='lat' dir='ltr'>vindicante</span> <span class='ocrx_word' id='word_1_124' title='bbox 1693 1443 1883 1494; x_wconf 87' lang='lat' dir='ltr'>fortius</span> <span class='ocrx_word' id='word_1_125' title='bbox 1934 1461 2059 1494; x_wconf 91' lang='lat' dir='ltr'>con-</span> 
     </span>
     <span class='ocr_line' id='line_1_16' title="bbox 113 1515 2058 1583; baseline 0 -18"><span class='ocrx_word' id='word_1_126' title='bbox 113 1517 116 1518; x_wconf 62' lang='grc'>’</span> <span class='ocrx_word' id='word_1_127' title='bbox 145 1515 376 1582; x_wconf 89' lang='lat' dir='ltr'>stringit.</span> <span class='ocrx_word' id='word_1_128' title='bbox 454 1516 646 1583; x_wconf 89' lang='lat' dir='ltr'>Itaque</span> <span class='ocrx_word' id='word_1_129' title='bbox 681 1515 857 1567; x_wconf 90' lang='lat' dir='ltr'>subito</span> <span class='ocrx_word' id='word_1_130' title='bbox 897 1534 960 1567; x_wconf 87' lang='lat' dir='ltr'>ex</span> <span class='ocrx_word' id='word_1_131' title='bbox 999 1516 1212 1567; x_wconf 91' lang='lat' dir='ltr'>vidente</span> <span class='ocrx_word' id='word_1_132' title='bbox 1246 1534 1381 1583; x_wconf 93' lang='lat' dir='ltr'>pene</span> <span class='ocrx_word' id='word_1_133' title='bbox 1412 1533 1611 1567; x_wconf 88' lang='lat' dir='ltr'>caecum</span> <span class='ocrx_word' id='word_1_134' title='bbox 1650 1520 1924 1582; x_wconf 89' lang='lat' dir='ltr'>stupentes</span> <span class='ocrx_word' id='word_1_135' title='bbox 1957 1515 2058 1577; x_wconf 90' lang='lat' dir='ltr'>sui,</span> 
     </span>
     <span class='ocr_line' id='line_1_17' title="bbox 143 1587 2061 1655; baseline 0 -18"><span class='ocrx_word' id='word_1_136' title='bbox 143 1588 273 1637; x_wconf 90' lang='lat' dir='ltr'>dum</span> <span class='ocrx_word' id='word_1_137' title='bbox 304 1605 518 1638; x_wconf 88' lang='lat' dir='ltr'>causam</span> <span class='ocrx_word' id='word_1_138' title='bbox 556 1587 886 1638; x_wconf 89' lang='lat' dir='ltr'>sciscitantes</span> <span class='ocrx_word' id='word_1_139' title='bbox 920 1587 1228 1654; x_wconf 91' lang='lat' dir='ltr'>diligentius</span> <span class='ocrx_word' id='word_1_140' title='bbox 1264 1593 1686 1655; x_wconf 86' lang='lat' dir='ltr'>perscrutantur,</span> <span class='ocrx_word' id='word_1_141' title='bbox 1720 1587 1834 1653; x_wconf 91' lang='lat' dir='ltr'>ipse</span> <span class='ocrx_word' id='word_1_142' title='bbox 1859 1587 2061 1637; x_wconf 88' lang='lat' dir='ltr'>nullius</span> 
     </span>
     <span class='ocr_line' id='line_1_18' title="bbox 143 1658 2060 1726; baseline -0.001 -17"><span class='ocrx_word' id='word_1_143' title='bbox 143 1659 273 1709; x_wconf 90' lang='lat' dir='ltr'>mali</span> <span class='ocrx_word' id='word_1_144' title='bbox 308 1678 362 1710; x_wconf 90' lang='lat' dir='ltr'>se</span> <span class='ocrx_word' id='word_1_145' title='bbox 397 1660 685 1721; x_wconf 90' lang='lat' dir='ltr'>conscium,</span> <span class='ocrx_word' id='word_1_146' title='bbox 714 1659 818 1709; x_wconf 91' lang='lat' dir='ltr'>nisi</span> <span class='ocrx_word' id='word_1_147' title='bbox 844 1659 984 1725; x_wconf 86' lang='lat' dir='ltr'>quod</span> <span class='ocrx_word' id='word_1_148' title='bbox 1011 1659 1239 1709; x_wconf 85' lang='lat' dir='ltr'>asinario</span> <span class='ocrx_word' id='word_1_149' title='bbox 1266 1659 1500 1710; x_wconf 81' lang='lat' dir='ltr'>ecclesiae</span> <span class='ocrx_word' id='word_1_150' title='bbox 1526 1659 1802 1726; x_wconf 90' lang='lat' dir='ltr'>cingulum</span> <span class='ocrx_word' id='word_1_151' title='bbox 1828 1658 2060 1721; x_wconf 88' lang='lat' dir='ltr'>tulisset,</span> 
     </span>
     <span class='ocr_line' id='line_1_19' title="bbox 142 1730 2059 1797; baseline 0.001 -17"><span class='ocrx_word' id='word_1_152' title='bbox 142 1731 359 1782; x_wconf 88' lang='lat' dir='ltr'>fatetur.</span> <span class='ocrx_word' id='word_1_153' title='bbox 439 1732 597 1781; x_wconf 88' lang='lat' dir='ltr'>Hanc</span> <span class='ocrx_word' id='word_1_154' title='bbox 623 1731 703 1780; x_wconf 90' lang='lat' dir='ltr'>illi</span> <span class='ocrx_word' id='word_1_155' title='bbox 729 1731 894 1781; x_wconf 89' lang='lat' dir='ltr'>solam</span> <span class='ocrx_word' id='word_1_156' title='bbox 916 1730 1247 1781; x_wconf 86' lang='lat' dir='ltr'>infelicitatis</span> <span class='ocrx_word' id='word_1_157' title='bbox 1272 1731 1417 1781; x_wconf 89' lang='lat' dir='ltr'>illius</span> <span class='ocrx_word' id='word_1_158' title='bbox 1444 1749 1658 1781; x_wconf 89' lang='lat' dir='ltr'>causam</span> <span class='ocrx_word' id='word_1_159' title='bbox 1678 1730 2059 1797; x_wconf 79' lang='lat' dir='ltr'>intelligenteS‚</span> 
     </span>
     <span class='ocr_line' id='line_1_20' title="bbox 139 1802 2060 1869; baseline 0.001 -17"><span class='ocrx_word' id='word_1_160' title='bbox 139 1802 284 1853; x_wconf 91' lang='lat' dir='ltr'>illico</span> <span class='ocrx_word' id='word_1_161' title='bbox 304 1820 528 1869; x_wconf 87' lang='lat' dir='ltr'>puerum</span> <span class='ocrx_word' id='word_1_162' title='bbox 547 1802 896 1869; x_wconf 84' lang='lat' dir='ltr'>requirentes,</span> <span class='ocrx_word' id='word_1_163' title='bbox 914 1802 1001 1852; x_wconf 86' lang='lat' dir='ltr'>vix</span> <span class='ocrx_word' id='word_1_164' title='bbox 1026 1802 1245 1853; x_wconf 90' lang='lat' dir='ltr'>tandem</span> <span class='ocrx_word' id='word_1_165' title='bbox 1269 1802 1552 1853; x_wconf 91' lang='lat' dir='ltr'>inveniunt</span> <span class='ocrx_word' id='word_1_166' title='bbox 1568 1823 1583 1864; x_wconf 76' lang='lat'>,-</span> <span class='ocrx_word' id='word_1_167' title='bbox 1620 1803 2060 1869; x_wconf 89' lang='lat' dir='ltr'>postulantesque</span> 
     </span>
     <span class='ocr_line' id='line_1_21' title="bbox 139 1873 2056 1941; baseline 0 -17"><span class='ocrx_word' id='word_1_168' title='bbox 139 1892 321 1924; x_wconf 91' lang='lat' dir='ltr'>secum</span> <span class='ocrx_word' id='word_1_169' title='bbox 346 1874 627 1941; x_wconf 90' lang='lat' dir='ltr'>proficisci,</span> <span class='ocrx_word' id='word_1_170' title='bbox 669 1873 735 1924; x_wconf 89' lang='lat' dir='ltr'>ad</span> <span class='ocrx_word' id='word_1_171' title='bbox 760 1873 1034 1924; x_wconf 89' lang='lat' dir='ltr'>infirmum</span> <span class='ocrx_word' id='word_1_172' title='bbox 1059 1874 1349 1925; x_wconf 90' lang='lat' dir='ltr'>deducunt.</span> <span class='ocrx_word' id='word_1_173' title='bbox 1427 1874 1607 1941; x_wconf 88' lang='lat' dir='ltr'>Igitur</span> <span class='ocrx_word' id='word_1_174' title='bbox 1630 1892 1783 1925; x_wconf 88' lang='lat' dir='ltr'>versa</span> <span class='ocrx_word' id='word_1_175' title='bbox 1807 1874 1920 1925; x_wconf 91' lang='lat' dir='ltr'>vice</span> <span class='ocrx_word' id='word_1_176' title='bbox 1946 1874 2056 1924; x_wconf 92' lang='lat' dir='ltr'>vio-</span> 
     </span>
     <span class='ocr_line' id='line_1_22' title="bbox 138 1945 2059 2013; baseline 0.001 -18"><span class='ocrx_word' id='word_1_177' title='bbox 138 1945 357 1997; x_wconf 89' lang='lat' dir='ltr'>lentiam</span> <span class='ocrx_word' id='word_1_178' title='bbox 399 1964 586 2013; x_wconf 91' lang='lat' dir='ltr'>passus</span> <span class='ocrx_word' id='word_1_179' title='bbox 623 1945 854 2008; x_wconf 80' lang='lat' dir='ltr'>laetatur,</span> <span class='ocrx_word' id='word_1_180' title='bbox 895 1946 985 2013; x_wconf 90' lang='lat' dir='ltr'>qui</span> <span class='ocrx_word' id='word_1_181' title='bbox 1024 1945 1223 1997; x_wconf 87' lang='lat' dir='ltr'>fecerat</span> <span class='ocrx_word' id='word_1_182' title='bbox 1262 1946 1627 1997; x_wconf 87' lang='lat' dir='ltr'>contristatur.</span> <span class='ocrx_word' id='word_1_183' title='bbox 1710 1947 1829 1996; x_wconf 85' lang='lat' dir='ltr'>Stat</span> <span class='ocrx_word' id='word_1_184' title='bbox 1859 1946 1961 1997; x_wconf 92' lang='lat' dir='ltr'>iste</span> <span class='ocrx_word' id='word_1_185' title='bbox 1994 1946 2059 1997; x_wconf 93' lang='lat' dir='ltr'>de</span> 
     </span>
     <span class='ocr_line' id='line_1_23' title="bbox 138 2017 2055 2085; baseline 0.001 -18"><span class='ocrx_word' id='word_1_186' title='bbox 138 2018 377 2068; x_wconf 89' lang='lat' dir='ltr'>vindicta</span> <span class='ocrx_word' id='word_1_187' title='bbox 418 2018 711 2084; x_wconf 87' lang='lat' dir='ltr'>gratulans,</span> <span class='ocrx_word' id='word_1_188' title='bbox 752 2017 896 2085; x_wconf 84' lang='lat' dir='ltr'>jacet</span> <span class='ocrx_word' id='word_1_189' title='bbox 941 2018 1030 2069; x_wconf 91' lang='lat' dir='ltr'>ille</span> <span class='ocrx_word' id='word_1_190' title='bbox 1075 2018 1277 2069; x_wconf 90' lang='lat' dir='ltr'>crimen</span> <span class='ocrx_word' id='word_1_191' title='bbox 1321 2024 1375 2069; x_wconf 92' lang='lat' dir='ltr'>et</span> <span class='ocrx_word' id='word_1_192' title='bbox 1419 2018 1711 2069; x_wconf 88' lang='lat' dir='ltr'>vindictam</span> <span class='ocrx_word' id='word_1_193' title='bbox 1756 2018 2055 2085; x_wconf 89' lang='lat' dir='ltr'>deplorans.</span> 
     </span>
     <span class='ocr_line' id='line_1_24' title="bbox 140 2090 2058 2157; baseline 0.001 -18"><span class='ocrx_word' id='word_1_194' title='bbox 140 2090 261 2140; x_wconf 86' lang='lat' dir='ltr'>Stat</span> <span class='ocrx_word' id='word_1_195' title='bbox 280 2091 394 2157; x_wconf 87' lang='lat' dir='ltr'>jam</span> <span class='ocrx_word' id='word_1_196' title='bbox 420 2107 529 2140; x_wconf 91' lang='lat' dir='ltr'>non</span> <span class='ocrx_word' id='word_1_197' title='bbox 560 2108 749 2141; x_wconf 89' lang='lat' dir='ltr'>curans</span> <span class='ocrx_word' id='word_1_198' title='bbox 775 2107 989 2157; x_wconf 90' lang='lat' dir='ltr'>poscere</span> <span class='ocrx_word' id='word_1_199' title='bbox 1025 2090 1166 2157; x_wconf 91' lang='lat' dir='ltr'>quod</span> <span class='ocrx_word' id='word_1_200' title='bbox 1192 2090 1521 2141; x_wconf 87' lang='lat' dir='ltr'>reddendum</span> <span class='ocrx_word' id='word_1_201' title='bbox 1548 2090 1650 2141; x_wconf 93' lang='lat' dir='ltr'>sibi</span> <span class='ocrx_word' id='word_1_202' title='bbox 1675 2107 1889 2157; x_wconf 86' lang='lat' dir='ltr'>poenam</span> <span class='ocrx_word' id='word_1_203' title='bbox 1914 2090 2058 2141; x_wconf 89' lang='lat' dir='ltr'>videt</span> 
     </span>
     <span class='ocr_line' id='line_1_25' title="bbox 140 2161 2057 2229; baseline 0.001 -18"><span class='ocrx_word' id='word_1_204' title='bbox 140 2161 365 2228; x_wconf 86' lang='lat' dir='ltr'>exigere.</span> <span class='ocrx_word' id='word_1_205' title='bbox 437 2162 470 2211; x_wconf 83' lang='lat' dir='ltr'><strong>J</strong></span> <span class='ocrx_word' id='word_1_206' title='bbox 475 2180 560 2212; x_wconf 90' lang='lat' dir='ltr'>am</span> <span class='ocrx_word' id='word_1_207' title='bbox 585 2167 647 2212; x_wconf 91' lang='lat' dir='ltr'>ut</span> <span class='ocrx_word' id='word_1_208' title='bbox 674 2180 832 2212; x_wconf 89' lang='lat' dir='ltr'>suum</span> <span class='ocrx_word' id='word_1_209' title='bbox 856 2161 1089 2228; x_wconf 89' lang='lat' dir='ltr'>recipere</span> <span class='ocrx_word' id='word_1_210' title='bbox 1115 2162 1443 2229; x_wconf 90' lang='lat' dir='ltr'>dignaretur,</span> <span class='ocrx_word' id='word_1_211' title='bbox 1466 2162 1722 2212; x_wconf 88' lang='lat' dir='ltr'>humilius</span> <span class='ocrx_word' id='word_1_212' title='bbox 1746 2180 1905 2228; x_wconf 90' lang='lat' dir='ltr'>quam</span> <span class='ocrx_word' id='word_1_213' title='bbox 1933 2168 2057 2213; x_wconf 88' lang='lat' dir='ltr'>ante</span> 
     </span>
     <span class='ocr_line' id='line_1_26' title="bbox 138 2233 2054 2301; baseline 0 -17"><span class='ocrx_word' id='word_1_214' title='bbox 138 2233 518 2300; x_wconf 88' lang='lat' dir='ltr'>postulaverat,</span> <span class='ocrx_word' id='word_1_215' title='bbox 560 2251 706 2283; x_wconf 89' lang='lat' dir='ltr'>nunc</span> <span class='ocrx_word' id='word_1_216' title='bbox 740 2233 853 2300; x_wconf 92' lang='lat' dir='ltr'>ipse</span> <span class='ocrx_word' id='word_1_217' title='bbox 888 2234 1208 2300; x_wconf 88' lang='lat' dir='ltr'>postulatur.</span> <span class='ocrx_word' id='word_1_218' title='bbox 1286 2234 1522 2284; x_wconf 87' lang='lat' dir='ltr'>Tandem</span> <span class='ocrx_word' id='word_1_219' title='bbox 1554 2240 1769 2300; x_wconf 90' lang='lat' dir='ltr'>recepto</span> <span class='ocrx_word' id='word_1_220' title='bbox 1795 2233 1938 2301; x_wconf 91' lang='lat' dir='ltr'>quod</span> <span class='ocrx_word' id='word_1_221' title='bbox 1965 2234 2054 2284; x_wconf 93' lang='lat' dir='ltr'>ab-</span> 
     </span>
     <span class='ocr_line' id='line_1_27' title="bbox 137 2305 2056 2372; baseline 0.001 -17"><span class='ocrx_word' id='word_1_222' title='bbox 137 2305 311 2355; x_wconf 91' lang='lat' dir='ltr'>latum</span> <span class='ocrx_word' id='word_1_223' title='bbox 350 2305 542 2367; x_wconf 86' lang='lat' dir='ltr'>fuerat,</span> <span class='ocrx_word' id='word_1_224' title='bbox 584 2305 712 2355; x_wconf 91' lang='lat' dir='ltr'>dum</span> <span class='ocrx_word' id='word_1_225' title='bbox 742 2305 856 2371; x_wconf 84' lang='lat' dir='ltr'>jam</span> <span class='ocrx_word' id='word_1_226' title='bbox 896 2305 1060 2371; x_wconf 86' lang='lat' dir='ltr'>ipsius</span> <span class='ocrx_word' id='word_1_227' title='bbox 1102 2305 1336 2356; x_wconf 88' lang='lat' dir='ltr'>lacrimis</span> <span class='ocrx_word' id='word_1_228' title='bbox 1379 2311 1432 2356; x_wconf 91' lang='lat' dir='ltr'>et</span> <span class='ocrx_word' id='word_1_229' title='bbox 1474 2305 1767 2355; x_wconf 89' lang='lat' dir='ltr'>astantium</span> <span class='ocrx_word' id='word_1_230' title='bbox 1811 2305 2056 2372; x_wconf 89' lang='lat' dir='ltr'>precibus</span> 
     </span>
     <span class='ocr_line' id='line_1_28' title="bbox 137 2376 2055 2444; baseline 0 -17"><span class='ocrx_word' id='word_1_231' title='bbox 137 2377 455 2439; x_wconf 89' lang='lat' dir='ltr'>flecteretur,</span> <span class='ocrx_word' id='word_1_232' title='bbox 483 2376 805 2427; x_wconf 91' lang='lat' dir='ltr'>remittendo</span> <span class='ocrx_word' id='word_1_233' title='bbox 830 2376 1083 2444; x_wconf 83' lang='lat' dir='ltr'>injuriam</span> <span class='ocrx_word' id='word_1_234' title='bbox 1111 2394 1201 2428; x_wconf 89' lang='lat' dir='ltr'>ore</span> <span class='ocrx_word' id='word_1_235' title='bbox 1227 2382 1281 2428; x_wconf 92' lang='lat' dir='ltr'>et</span> <span class='ocrx_word' id='word_1_236' title='bbox 1309 2377 1485 2427; x_wconf 90' lang='lat' dir='ltr'>animo</span> <span class='ocrx_word' id='word_1_237' title='bbox 1505 2377 1587 2426; x_wconf 93' lang='lat' dir='ltr'>illi</span> <span class='ocrx_word' id='word_1_238' title='bbox 1606 2377 1864 2444; x_wconf 90' lang='lat' dir='ltr'>placatur.</span> <span class='ocrx_word' id='word_1_239' title='bbox 1933 2377 2055 2429; x_wconf 73' lang='lat' dir='ltr'>Quo</span> 
     </span>
     <span class='ocr_line' id='line_1_29' title="bbox 135 2448 2055 2515; baseline -0.001 -16"><span class='ocrx_word' id='word_1_240' title='bbox 135 2449 278 2499; x_wconf 89' lang='lat' dir='ltr'>facto</span> <span class='ocrx_word' id='word_1_241' title='bbox 299 2448 398 2498; x_wconf 91' lang='lat' dir='ltr'>etsi</span> <span class='ocrx_word' id='word_1_242' title='bbox 414 2466 524 2498; x_wconf 89' lang='lat' dir='ltr'>non</span> <span class='ocrx_word' id='word_1_243' title='bbox 543 2448 610 2498; x_wconf 92' lang='lat' dir='ltr'>ad</span> <span class='ocrx_word' id='word_1_244' title='bbox 629 2448 893 2514; x_wconf 90' lang='lat' dir='ltr'>integram</span> <span class='ocrx_word' id='word_1_245' title='bbox 914 2448 1216 2511; x_wconf 90' lang='lat' dir='ltr'>sanitatem,</span> <span class='ocrx_word' id='word_1_246' title='bbox 1238 2449 1452 2499; x_wconf 90' lang='lat' dir='ltr'>videndi</span> <span class='ocrx_word' id='word_1_247' title='bbox 1470 2454 1652 2499; x_wconf 91' lang='lat' dir='ltr'>tamen</span> <span class='ocrx_word' id='word_1_248' title='bbox 1671 2467 1830 2499; x_wconf 89' lang='lat' dir='ltr'>usum</span> <span class='ocrx_word' id='word_1_249' title='bbox 1848 2449 2055 2515; x_wconf 88' lang='lat' dir='ltr'>recipit,</span> 
     </span>
     <span class='ocr_line' id='line_1_30' title="bbox 137 2520 2054 2587; baseline 0 -17"><span class='ocrx_word' id='word_1_250' title='bbox 137 2527 199 2571; x_wconf 92' lang='lat' dir='ltr'>ut</span> <span class='ocrx_word' id='word_1_251' title='bbox 224 2520 433 2570; x_wconf 88' lang='lat' dir='ltr'>rediens</span> <span class='ocrx_word' id='word_1_252' title='bbox 462 2537 585 2570; x_wconf 92' lang='lat' dir='ltr'>cum</span> <span class='ocrx_word' id='word_1_253' title='bbox 612 2520 827 2570; x_wconf 90' lang='lat' dir='ltr'>domino</span> <span class='ocrx_word' id='word_1_254' title='bbox 856 2520 988 2570; x_wconf 92' lang='lat' dir='ltr'>duce</span> <span class='ocrx_word' id='word_1_255' title='bbox 1014 2520 1221 2571; x_wconf 90' lang='lat' dir='ltr'>itineris</span> <span class='ocrx_word' id='word_1_256' title='bbox 1250 2538 1360 2571; x_wconf 91' lang='lat' dir='ltr'>non</span> <span class='ocrx_word' id='word_1_257' title='bbox 1386 2526 1582 2587; x_wconf 89' lang='lat' dir='ltr'>egeret,</span> <span class='ocrx_word' id='word_1_258' title='bbox 1621 2521 1733 2571; x_wconf 90' lang='lat' dir='ltr'>sine</span> <span class='ocrx_word' id='word_1_259' title='bbox 1760 2538 1866 2587; x_wconf 91' lang='lat' dir='ltr'>quo</span> <span class='ocrx_word' id='word_1_260' title='bbox 1894 2521 2054 2587; x_wconf 91' lang='lat' dir='ltr'>paulo</span> 
     </span>
     <span class='ocr_line' id='line_1_31' title="bbox 137 2591 2054 2659; baseline 0 -16"><span class='ocrx_word' id='word_1_261' title='bbox 137 2598 264 2643; x_wconf 87' lang='lat' dir='ltr'>ante</span> <span class='ocrx_word' id='word_1_262' title='bbox 298 2609 397 2643; x_wconf 93' lang='lat' dir='ltr'>nec</span> <span class='ocrx_word' id='word_1_263' title='bbox 434 2592 499 2642; x_wconf 90' lang='lat' dir='ltr'>ad</span> <span class='ocrx_word' id='word_1_264' title='bbox 540 2591 740 2642; x_wconf 89' lang='lat' dir='ltr'>ostium</span> <span class='ocrx_word' id='word_1_265' title='bbox 776 2592 1063 2643; x_wconf 87' lang='lat' dir='ltr'>accederet.</span> <span class='ocrx_word' id='word_1_266' title='bbox 1141 2593 1260 2643; x_wconf 93' lang='lat' dir='ltr'>Nec</span> <span class='ocrx_word' id='word_1_267' title='bbox 1297 2593 1410 2659; x_wconf 82' lang='lat' dir='ltr'>jam</span> <span class='ocrx_word' id='word_1_268' title='bbox 1445 2592 1742 2643; x_wconf 89' lang='lat' dir='ltr'>mirabatur</span> <span class='ocrx_word' id='word_1_269' title='bbox 1776 2592 1915 2643; x_wconf 88' lang='lat' dir='ltr'>hanc</span> <span class='ocrx_word' id='word_1_270' title='bbox 1955 2592 2054 2643; x_wconf 91' lang='lat' dir='ltr'>sibi</span> 
     </span>
     <span class='ocr_line' id='line_1_32' title="bbox 136 2663 2055 2732; baseline 0.001 -18"><span class='ocrx_word' id='word_1_271' title='bbox 136 2664 348 2731; x_wconf 87' lang='lat' dir='ltr'>plagam</span> <span class='ocrx_word' id='word_1_272' title='bbox 376 2663 626 2725; x_wconf 87' lang='lat' dir='ltr'>evenisse,</span> <span class='ocrx_word' id='word_1_273' title='bbox 665 2663 756 2730; x_wconf 88' lang='lat' dir='ltr'>qui</span> <span class='ocrx_word' id='word_1_274' title='bbox 781 2663 839 2713; x_wconf 90' lang='lat' dir='ltr'>in</span> <span class='ocrx_word' id='word_1_275' title='bbox 864 2664 1107 2730; x_wconf 85' lang='lat' dir='ltr'>precibus</span> <span class='ocrx_word' id='word_1_276' title='bbox 1133 2664 1285 2731; x_wconf 89' lang='lat' dir='ltr'>pueri</span> <span class='ocrx_word' id='word_1_277' title='bbox 1310 2665 1527 2715; x_wconf 88' lang='lat' dir='ltr'>beatum</span> <span class='ocrx_word' id='word_1_278' title='bbox 1555 2664 1933 2727; x_wconf 87' lang='lat' dir='ltr'>Cuthbertum,</span> <span class='ocrx_word' id='word_1_279' title='bbox 1961 2682 2055 2732; x_wconf 90' lang='lat' dir='ltr'>per</span> 
     </span>
     <span class='ocr_line' id='line_1_33' title="bbox 135 2735 1822 2804; baseline 0 -17"><span class='ocrx_word' id='word_1_280' title='bbox 135 2754 293 2803; x_wconf 89' lang='lat' dir='ltr'>quem</span> <span class='ocrx_word' id='word_1_281' title='bbox 321 2735 593 2804; x_wconf 86' lang='lat' dir='ltr'>adjuratus</span> <span class='ocrx_word' id='word_1_282' title='bbox 620 2735 812 2798; x_wconf 87' lang='lat' dir='ltr'>fuerat,</span> <span class='ocrx_word' id='word_1_283' title='bbox 841 2753 895 2786; x_wconf 92' lang='lat' dir='ltr'>se</span> <span class='ocrx_word' id='word_1_284' title='bbox 922 2736 1255 2803; x_wconf 90' lang='lat' dir='ltr'>contemptui</span> <span class='ocrx_word' id='word_1_285' title='bbox 1281 2736 1529 2787; x_wconf 91' lang='lat' dir='ltr'>meminit</span> <span class='ocrx_word' id='word_1_286' title='bbox 1556 2735 1822 2787; x_wconf 86' lang='lat' dir='ltr'>habuisse.</span> 
     </span>
    </p>
   </div>
   <div class='ocr_carea' id='block_1_3' title="bbox 1032 2941 1156 2991">
    <p class='ocr_par' dir='ltr' id='par_1_3' title="bbox 1032 2941 1156 2991">
     <span class='ocr_line' id='line_1_34' title="bbox 1032 2941 1156 2991; baseline 0 0"><span class='ocrx_word' id='word_1_287' title='bbox 1032 2941 1156 2991; x_wconf 89' lang='lat' dir='ltr'>XV.</span> 
     </span>
    </p>
   </div>
   <div class='ocr_carea' id='block_1_4' title="bbox 140 3032 2051 3157">
    <p class='ocr_par' dir='ltr' id='par_1_4' title="bbox 140 3032 2051 3157">
     <span class='ocr_line' id='line_1_35' title="bbox 140 3032 2051 3100; baseline 0.002 -18"><span class='ocrx_word' id='word_1_288' title='bbox 140 3033 397 3091; x_wconf 77' lang='lat' dir='ltr'>Quomodo</span> <span class='ocrx_word' id='word_1_289' title='bbox 438 3034 500 3084; x_wconf 82' lang='lat' dir='ltr'>de</span> <span class='ocrx_word' id='word_1_290' title='bbox 533 3032 872 3099; x_wconf 73' lang='lat' dir='ltr'>Lindisfarne</span> <span class='ocrx_word' id='word_1_291' title='bbox 893 3032 1127 3100; x_wconf 57' lang='lat' dir='ltr'>sumenti</span> <span class='ocrx_word' id='word_1_292' title='bbox 1162 3051 1276 3084; x_wconf 79' lang='lat' dir='ltr'>cum</span> <span class='ocrx_word' id='word_1_293' title='bbox 1298 3032 1451 3099; x_wconf 78' lang='lat' dir='ltr'>furto</span> <span class='ocrx_word' id='word_1_294' title='bbox 1486 3035 1655 3085; x_wconf 76' lang='lat' dir='ltr'>subito</span> <span class='ocrx_word' id='word_1_295' title='bbox 1694 3051 1837 3085; x_wconf 83' lang='lat' dir='ltr'>mare</span> <span class='ocrx_word' id='word_1_296' title='bbox 1873 3053 2051 3087; x_wconf 71' lang='lat' dir='ltr'>occur·-</span> 
     </span>
     <span class='ocr_line' id='line_1_36' title="bbox 782 3106 1389 3157; baseline 0 -1"><span class='ocrx_word' id='word_1_297' title='bbox 782 3123 902 3156; x_wconf 76' lang='lat' dir='ltr'>rens</span> <span class='ocrx_word' id='word_1_298' title='bbox 927 3106 1029 3156; x_wconf 74' lang='lat' dir='ltr'>iter</span> <span class='ocrx_word' id='word_1_299' title='bbox 1055 3107 1389 3157; x_wconf 72' lang='lat' dir='ltr'>obstruoeerit.</span> 
     </span>
    </p>
   </div>
   <div class='ocr_carea' id='block_1_5' title="bbox 132 3232 2049 3587">
    <p class='ocr_par' dir='ltr' id='par_1_5' title="bbox 132 3232 2049 3587">
     <span class='ocr_line' id='line_1_37' title="bbox 242 3232 2049 3300; baseline 0.002 -18"><span class='ocrx_word' id='word_1_300' title='bbox 242 3232 593 3298; x_wconf 87' lang='lat' dir='ltr'>Fugientibus</span> <span class='ocrx_word' id='word_1_301' title='bbox 647 3233 916 3300; x_wconf 91' lang='lat' dir='ltr'>quondam</span> <span class='ocrx_word' id='word_1_302' title='bbox 965 3233 1022 3284; x_wconf 91' lang='lat' dir='ltr'>in</span> <span class='ocrx_word' id='word_1_303' title='bbox 1067 3233 1557 3285; x_wconf 86' lang='lat' dir='ltr'>Lindisfarnensem</span> <span class='ocrx_word' id='word_1_304' title='bbox 1608 3234 1857 3298; x_wconf 89' lang='lat' dir='ltr'>insulam,</span> <span class='ocrx_word' id='word_1_305' title='bbox 1904 3254 2049 3286; x_wconf 90' lang='lat' dir='ltr'>mare</span> 
     </span>
     <span class='ocr_line' id='line_1_38' title="bbox 136 3304 2045 3373; baseline 0.002 -20"><span class='ocrx_word' id='word_1_306' title='bbox 136 3320 257 3353; x_wconf 90' lang='lat' dir='ltr'>cum</span> <span class='ocrx_word' id='word_1_307' title='bbox 284 3310 421 3353; x_wconf 87' lang='lat' dir='ltr'>esset</span> <span class='ocrx_word' id='word_1_308' title='bbox 447 3304 683 3370; x_wconf 90' lang='lat' dir='ltr'>plenum,</span> <span class='ocrx_word' id='word_1_309' title='bbox 726 3305 926 3356; x_wconf 89' lang='lat' dir='ltr'>meritis</span> <span class='ocrx_word' id='word_1_310' title='bbox 958 3306 1142 3356; x_wconf 86' lang='lat' dir='ltr'>Sancti</span> <span class='ocrx_word' id='word_1_311' title='bbox 1169 3306 1456 3356; x_wconf 86' lang='lat' dir='ltr'>Cuthberti</span> <span class='ocrx_word' id='word_1_312' title='bbox 1483 3306 1683 3357; x_wconf 89' lang='lat' dir='ltr'>siccum</span> <span class='ocrx_word' id='word_1_313' title='bbox 1709 3307 1813 3357; x_wconf 92' lang='lat' dir='ltr'>iter</span> <span class='ocrx_word' id='word_1_314' title='bbox 1837 3307 2045 3373; x_wconf 81' lang='lat' dir='ltr'>praebu-</span> 
     </span>
     <span class='ocr_line' id='line_1_39' title="bbox 134 3374 2047 3444; baseline 0.002 -21"><span class='ocrx_word' id='word_1_315' title='bbox 134 3375 236 3424; x_wconf 91' lang='lat' dir='ltr'>isse</span> <span class='ocrx_word' id='word_1_316' title='bbox 264 3374 439 3425; x_wconf 91' lang='lat' dir='ltr'>subito</span> <span class='ocrx_word' id='word_1_317' title='bbox 464 3375 692 3441; x_wconf 87' lang='lat' dir='ltr'>legimus</span> <span class='ocrx_word' id='word_1_318' title='bbox 708 3375 746 3438; x_wconf 53' lang='grc' dir='ltr'>μ’</span> <span class='ocrx_word' id='word_1_319' title='bbox 771 3394 933 3439; x_wconf 87' lang='grc'>1111110,</span> <span class='ocrx_word' id='word_1_320' title='bbox 962 3395 989 3427; x_wconf 93' lang='grc'>0</span> <span class='ocrx_word' id='word_1_321' title='bbox 1010 3377 1234 3439; x_wconf 88' lang='lat' dir='ltr'>diverso,</span> <span class='ocrx_word' id='word_1_322' title='bbox 1258 3395 1319 3428; x_wconf 86' lang='lat' dir='ltr'>ex</span> <span class='ocrx_word' id='word_1_323' title='bbox 1349 3396 1410 3428; x_wconf 88' lang='lat' dir='ltr'>ea</span> <span class='ocrx_word' id='word_1_324' title='bbox 1438 3395 1559 3428; x_wconf 91' lang='lat' dir='ltr'>cum</span> <span class='ocrx_word' id='word_1_325' title='bbox 1586 3378 1731 3428; x_wconf 88' lang='lat' dir='ltr'>furto</span> <span class='ocrx_word' id='word_1_326' title='bbox 1750 3378 2047 3444; x_wconf 88' lang='lat' dir='ltr'>fugientem</span> 
     </span>
     <span class='ocr_line' id='line_1_40' title="bbox 132 3446 2049 3516; baseline 0.002 -21"><span class='ocrx_word' id='word_1_327' title='bbox 132 3451 348 3512; x_wconf 87' lang='lat' dir='ltr'>repente</span> <span class='ocrx_word' id='word_1_328' title='bbox 368 3446 537 3496; x_wconf 88' lang='lat' dir='ltr'>undas</span> <span class='ocrx_word' id='word_1_329' title='bbox 557 3453 742 3497; x_wconf 89' lang='lat' dir='ltr'>contra</span> <span class='ocrx_word' id='word_1_330' title='bbox 757 3466 959 3498; x_wconf 90' lang='lat' dir='ltr'>morem</span> <span class='ocrx_word' id='word_1_331' title='bbox 975 3449 1291 3516; x_wconf 85' lang='lat' dir='ltr'>praepedisse</span> <span class='ocrx_word' id='word_1_332' title='bbox 1309 3449 1562 3500; x_wconf 90' lang='lat' dir='ltr'>dicemus.</span> <span class='ocrx_word' id='word_1_333' title='bbox 1617 3448 2049 3499; x_wconf 88' lang='lat' dir='ltr'>Northumbrani</span> 
     </span>
     <span class='ocr_line' id='line_1_41' title="bbox 135 3517 2046 3587; baseline 0.001 -18"><span class='ocrx_word' id='word_1_334' title='bbox 135 3517 414 3584; x_wconf 84' lang='lat' dir='ltr'>cujusdam</span> <span class='ocrx_word' id='word_1_335' title='bbox 454 3535 619 3584; x_wconf 90' lang='lat' dir='ltr'>equus</span> <span class='ocrx_word' id='word_1_336' title='bbox 654 3518 843 3582; x_wconf 86' lang='lat' dir='ltr'>forma,</span> <span class='ocrx_word' id='word_1_337' title='bbox 887 3536 1063 3582; x_wconf 92' lang='lat' dir='ltr'>cursu,</span> <span class='ocrx_word' id='word_1_338' title='bbox 1106 3527 1160 3571; x_wconf 92' lang='lat' dir='ltr'>et</span> <span class='ocrx_word' id='word_1_339' title='bbox 1204 3527 1393 3572; x_wconf 84' lang='lat' dir='ltr'>caetera</span> <span class='ocrx_word' id='word_1_340' title='bbox 1434 3521 1516 3572; x_wconf 88' lang='lat' dir='ltr'>sui</span> <span class='ocrx_word' id='word_1_341' title='bbox 1549 3520 1843 3572; x_wconf 90' lang='lat' dir='ltr'>valitudine</span> <span class='ocrx_word' id='word_1_342' title='bbox 1878 3520 2046 3587; x_wconf 86' lang='lat' dir='ltr'>pluris</span> 
     </span>
    </p>
   </div>
   <div class='ocr_carea' id='block_1_6' title="bbox 903 3670 1286 3713">
    <p class='ocr_par' dir='ltr' id='par_1_6' title="bbox 903 3670 1286 3713">
     <span class='ocr_line' id='line_1_42' title="bbox 903 3670 1286 3713; baseline 0.005 -2"><span class='ocrx_word' id='word_1_343' title='bbox 903 3670 919 3703; x_wconf 71' lang='lat' dir='ltr'>J&#39;</span> <span class='ocrx_word' id='word_1_344' title='bbox 948 3671 1023 3712; x_wconf 87' lang='lat' dir='ltr'>See</span> <span class='ocrx_word' id='word_1_345' title='bbox 1044 3671 1212 3713; x_wconf 76' lang='lat' dir='ltr'>Section</span> <span class='ocrx_word' id='word_1_346' title='bbox 1233 3672 1286 3713; x_wconf 89' lang='lat' dir='ltr'>vi.</span> 
     </span>
    </p>
   </div>
  </div>
 </body>
</html>
