2384 4126
775 409 1041 443 ms'romAE
1082 408 1464 443 CONTINUATIO.
1977 398 2077 448 107

168 536 447 588 canonicos
488 535 776 602 regulareS,
813 534 1007 601 quibus
1045 534 1259 601 praefuit
1296 535 1501 601 primus
1539 534 1694 586 Prior
1727 535 2076 600 Aschatillus,

166 608 452 659 canonicus
477 607 542 658 de
571 607 923 669 Hunteduna,
951 606 1032 657 vir
1057 606 1305 657 omnibus
1334 606 1594 658 amabilis.

1023 756 1225 789 MCXIII.

273 832 434 883 Anno
473 831 660 898 M.cxiij
702 830 953 881 monachi
990 830 1307 881 Tironenses
1350 830 1407 881 in
1448 830 1704 897 Angliam
1742 837 2003 882 venerunt
2047 851 2080 882 x

168 921 333 954 annos
372 910 658 970 antequam
688 903 1022 953 Savinienses
1055 908 1318 953 venerunt
1355 902 1413 952 in
1442 902 1750 969 Angliam.m
1823 903 2081 954 Monachi

166 976 480 1026 Tironenses
513 975 570 1025 in
596 981 739 1025 terra
764 973 939 1025 David
963 973 1104 1040 regis
1140 973 1332 1025 Scotiae
1361 973 1501 1041 apud
1534 974 1897 1026 Seleschirche
1922 993 2078 1026 vene-

165 1052 308 1109 runt,
346 1054 399 1098 et
425 1046 501 1098 ibi
526 1064 619 1114 per
646 1064 812 1097 annos
838 1064 905 1096 xv
930 1052 1288 1096 manserunt.⁷²

1063 1196 1248 1230 MCXIV.

275 1275 478 1323 “Anno
505 1272 712 1339 M.cxiiij
734 1272 964 1322 Thomas
984 1271 1334 1322 Eboracensis
1355 1270 1836 1338 archiepiscopus,''
1864 1272 1944 1322 vir
1969 1272 2077 1322 exi-

166 1345 287 1395 miae
329 1344 620 1411 religionis,
668 1349 701 1371 “
717 1344 766 1411 vj
820 1344 910 1393 kal
955 1343 1162 1405 Martii,
1203 1343 1336 1394 feria
1378 1343 1455 1411 iij,
1496 1343 1706 1394 obiit.”⁰
1800 1343 1910 1395 Qui
1953 1361 2077 1394 cum

168 1417 371 1467 caeteris
398 1422 704 1467 sanctarum
729 1416 990 1465 virtutum
1015 1415 1280 1482 operibus,
1313 1414 1474 1466 etiam
1500 1415 1557 1465 in
1582 1415 1905 1481 virginitatis
1931 1416 2075 1481 puri-

166 1495 277 1539 tate
320 1488 550 1555 perrexit
592 1488 658 1538 ad
700 1487 1011 1538 Dominum.
1090 1486 1309 1538 Quanta
1333 1505 1457 1537 vero
1488 1504 1699 1537 morum
1733 1487 1997 1553 probitate
2023 1492 2078 1537 et

164 1560 286 1611 vitae
311 1559 614 1610 innocentis
639 1559 873 1626 puritate
900 1564 1022 1609 ante
1050 1558 1414 1625 episcopatum
1440 1564 1493 1609 et
1522 1558 1581 1608 in
1622 1558 1930 1625 episcopatu
1962 1558 2074 1610 eni-

166 1632 349 1694 tuerit,
384 1631 546 1681 nullis
572 1630 821 1681 humanis
847 1630 1017 1681 verbis
1045 1630 1204 1696 digne
1231 1630 1483 1697 explicari
1508 1647 1659 1697 posse
1686 1629 1931 1681 arbitror.

1047 1793 1210 1827 Mcxv.

271 1871 433 1921 Anno
478 1869 1057 1935 M.cxv.—-Turgotus,1'
1103 1868 1373 1935 quondam
1418 1868 1800 1919 Dunelmensis
1844 1869 2079 1920 ecclesiae

164 1941 333 2004 Prior,
374 1959 519 1992 nunc
564 1946 743 1991 autem
783 1941 1059 2008 episcopus
1102 1941 1429 2002 Scottorum,
1475 1940 1685 1992 rediens
1726 1941 2076 2005 Dunelmum,

164 2014 362 2081 ibidem
389 2013 552 2064 vitam
578 2012 767 2063 finivit.

1023 2142 1192 2175 MCXVI
1201 2165 1210 2175 .

275 2224 309 2247 “
325 2220 486 2270 Anno
522 2216 1100 2285 M.cxvj.—Conventio
1142 2217 1463 2283 optimatum
1505 2224 1559 2267 et
1602 2217 1865 2268 baronum
1910 2218 2078 2269 totius

166 2297 199 2320 “
216 2292 429 2358 Angliae
455 2290 595 2357 apud
623 2289 1012 2340 Searesberiam
1037 2288 1148 2355 xiiij
1179 2288 1284 2338 kal.
1314 2288 1516 2354 Aprilis
1544 2288 1686 2339 facta
1711 2296 1806 2339 est.
1886 2290 1995 2343 Qui
2020 2291 2078 2340 in

167 2368 201 2392 “
223 2362 505 2430 praesentia
523 2361 662 2428 regis
692 2360 916 2412 Henrici
941 2360 1249 2426 homagium
1268 2359 1377 2410 filio
1399 2377 1495 2409 suo
1515 2360 1790 2411 Willelmo
1816 2360 2075 2424 fecerunt,

167 2440 201 2464 “
222 2441 275 2485 et
313 2434 626 2485 fidelitatem
657 2433 706 2483 ei
737 2434 1069 2500 juraverunt.
1150 2431 1353 2481 Habita
1378 2437 1459 2481 est
1483 2431 1559 2482 ibi
1585 2449 1743 2482 causa
1769 2432 1833 2482 de
1865 2434 2079 2500 querela-

168 2511 201 2534 “
224 2524 339 2573 quae
376 2506 517 2557 inter
556 2504 1010 2570 archiepiscopum
1051 2503 1494 2554 Cantuariensem
1530 2503 1823 2554 Radulfum
1853 2511 1906 2555 et
1942 2505 2076 2556 elec·
2114 2566 2122 2572 ,

167 2583 202 2607 “
223 2585 340 2628 tum
366 2577 674 2644 pontificem
700 2576 1092 2627 Eboracensem
1118 2574 1431 2624 Turstinum
1456 2592 1551 2642 per
1575 2575 1848 2642 integrum
1875 2595 2078 2627 annum

168 2655 202 2677 “
223 2655 429 2700 versata
462 2649 651 2699 fuerat.
731 2648 837 2697 Hic
864 2647 1062 2698 electus
1092 2664 1214 2697 cum
1241 2646 1306 2697 ab
1333 2646 1447 2713 ipso
1473 2647 1723 2713 pontifice
1749 2654 2075 2711 moneretur,

167 2726 203 2749 “
222 2727 283 2771 ut
310 2720 542 2772 ecclesiae
569 2718 943 2771 Cantuariensi
968 2718 1167 2769 faceret
1206 2718 1348 2784 quod
1388 2718 1630 2780 debebat,
1671 2725 1724 2769 et
1748 2719 2074 2771 benedictio-

168 2798 200 2821 “
222 2811 347 2843 nem
384 2810 535 2843 suam
573 2791 929 2842 ecclesiastico
965 2807 1112 2840 more
1157 2789 1464 2856 susciperet,
1510 2791 1802 2857 respondit.
1903 2792 2075 2842 Bene-

166 2869 200 2893 “
220 2862 509 2915 dictionem
536 2863 751 2930 quidem
777 2881 830 2913 se
856 2862 1085 2912 libenter
1110 2861 1376 2928 suscipere
1400 2862 1552 2924 velle,
1581 2862 1672 2913 sed
1697 2862 2077 2929 professionem

171 2941 205 2964 “
227 2955 387 3003 quam
415 2935 659 3003 exigebat
690 2934 840 2985 nulla
868 2933 1075 2984 ratione
1104 2933 1374 2984 facturum
1390 2933 1425 2956 ’²
1462 2940 1654 3000 praeter
1689 2952 1849 3001 quam
1887 2935 2078 2986 beatus

164 3027 298 3075 papa
325 3007 614 3074 Gregorius
643 3006 938 3058 constituit.
1014 3006 1160 3055 Nam
1200 3005 1312 3072 ipse
1351 3005 1516 3056 talem
1555 3006 1730 3073 legem
1762 3006 1905 3057 inter
1945 3007 2077 3058 duos

167 3080 585 3146 archiepiscopos
623 3078 834 3145 Angliae
871 3077 1065 3144 posuit,
1105 3076 1196 3127 sed
1235 3083 1288 3128 et
1332 3077 1606 3128 Honorius
1646 3096 1782 3145 papa
1815 3079 1915 3129 VI.
1958 3085 2078 3145 post

166 3169 288 3202 eum
314 3151 575 3213 similiter,
602 3157 664 3201 ut
689 3157 879 3201 neuter
904 3148 1058 3200 alteri
1084 3148 1429 3215 subjectionis
1456 3149 1837 3216 professionem
1862 3150 2076 3213 faceret,

165 3223 270 3273 nisi
294 3229 509 3274 tantum
542 3228 604 3272 ut
643 3221 736 3289 qui
771 3221 916 3288 prior
953 3220 1231 3271 ordinatus
1266 3227 1404 3271 esset
1431 3221 1687 3287 quamdiu
1711 3221 1909 3273 viveret
1935 3222 2080 3289 prior

165 3294 479 3346 haberetur:
521 3294 663 3361 quod
688 3293 960 3361 proprium
986 3298 1066 3343 est
1092 3310 1365 3343 servorum
1392 3292 1511 3354 Dei,
1539 3299 1600 3343 ut
1626 3310 1749 3344 vera
1772 3293 2078 3345 humilitate

248 3434 274 3451 ”³
304 3427 406 3467 This
424 3428 632 3476 sentence,
661 3425 766 3466 with
783 3426 857 3466 the
878 3424 1098 3476 exception
1118 3424 1164 3464 of
1188 3424 1261 3465 the
1287 3424 1396 3474 date,
1425 3425 1460 3464 is
1480 3427 1523 3465 at
1542 3425 1616 3465 the
1635 3425 1722 3465 foot
1742 3425 1789 3464 of
1813 3425 1886 3465 the
1905 3437 2023 3476 page.

250 3488 268 3505 '¹
299 3482 402 3522 This
421 3484 617 3522 sentence
636 3480 671 3520 is
690 3480 736 3520 in
755 3481 829 3521 the
848 3480 941 3520 MS.
962 3483 1007 3519 at
1025 3480 1098 3520 the
1118 3479 1201 3520 end.
1220 3479 1265 3519 of
1289 3480 1363 3520 the
1388 3480 1534 3519 annals
1554 3480 1600 3520 of
1623 3480 1697 3520 the
1722 3479 1949 3531 preceding
1966 3492 2078 3531 year.

249 3544 265 3561 ⁰
294 3536 350 3576 In
379 3536 453 3576 the
484 3534 827 3587 margin—Obiit
855 3534 1065 3575 secundus
1094 3534 1276 3574 Thomas
1301 3534 1577 3576 Eboracensis
1599 3533 1959 3585 archiepiscopus:
1986 3536 2080 3585 post

169 3603 296 3643 quem
315 3590 543 3631 Turstinus
561 3589 747 3641 eligitur.

250 3653 269 3677 Ρ
301 3645 390 3685 The
420 3644 706 3694 Abbreviatio,
736 3643 828 3684 MS.
850 3643 1005 3684 Cotton
1041 3642 1246 3695 Caligula,
1276 3646 1329 3684 A.
1360 3642 1461 3692 viii.,
1491 3643 1566 3683 has
1595 3642 1875 3683 “Monachus
1893 3643 1936 3683 et
1956 3641 2081 3683 Prior

173 3699 511 3740 Dunelmensis.”
