2384 4126
320 381 391 431 28
940 398 1214 432 SYMEONIS
1255 398 1649 432 DUNELMENSIS

321 523 560 576 ostendit
612 523 660 575 ei
710 542 932 575 manum
985 543 1137 575 suam
1187 525 1479 576 medietate
1529 524 1691 576 unius
1754 524 1910 592 digiti
1962 532 2251 578 carentem.

320 597 486 648 Facta
513 601 694 647 autem
721 595 824 658 die,
852 596 932 647 vir
957 596 1048 648 ille
1074 597 1131 647 in
1159 597 1335 648 medio
1360 597 1543 664 populi
1571 602 1768 660 astans,
1810 597 1938 665 quid
1965 598 2067 648 sibi
2091 604 2251 650 nocte

318 668 413 719 illa
439 668 734 719 revelatum
760 668 950 719 fuisset
986 669 1246 720 universis
1281 669 1596 736 propalavit,
1634 669 1941 721 vehementi
1966 670 2250 721 verborum

319 740 622 792 invectione
650 740 899 791 mulctari
928 740 1153 808 dignum
1180 759 1294 793 esse
1320 741 1565 792 indicans
1593 741 1914 808 quicumque
1949 741 2051 793 1100
2077 742 2252 794 facere

319 812 762 880 praesumpsisset.
854 813 1006 863 Tunc
1057 813 1302 864 sacerdos
1354 831 1408 864 se
1461 813 1853 880 deprehensum
1905 831 2142 876 cernens,
2194 814 2253 864 in

319 884 559 935 medium
586 884 848 951 prosiluit,
892 890 945 935 et
973 903 1077 952 qua
1104 885 1168 936 de
1197 902 1355 936 causa
1391 903 1558 952 quave
1593 885 1893 937 intentione
1930 885 2031 936 1100
2064 904 2249 953 perpe-

317 962 513 1008 trasset
563 956 812 1007 omnibus
861 957 1143 1022 patefecit:
1205 957 1602 1024 restituensque
1656 958 1854 1008 Sancto
1904 958 2251 1009 Alchmundo

320 1028 463 1095 quod
503 1028 589 1095 pie
632 1027 929 1079 devotionis
962 1028 1134 1095 gratia
1165 1028 1214 1079 ei
1254 1028 1566 1092 abstulerat,
1609 1047 1845 1096 congrua
1886 1030 2250 1081 satisfactione

318 1100 531 1151 veniam
570 1099 716 1151 illico
756 1099 1079 1166 impetravit.
1156 1101 1229 1151 Et
1274 1101 1588 1152 accedentes
1635 1101 1814 1152 clerici
1866 1102 1958 1169 qui
2010 1102 2249 1164 aderant,

322 1171 521 1239 absque
549 1171 659 1222 ulla
682 1171 736 1221 vi
761 1171 1071 1222 levaverunt
1106 1189 1248 1234 eum,
1287 1189 1347 1223 ac
1387 1172 1445 1222 in
1487 1173 1710 1224 ecclesia
1743 1174 2136 1225 transtulerunt
2170 1174 2246 1242 iiij

318 1261 489 1294 nonas
529 1242 784 1309 Augusti,
830 1242 925 1293 ubi
968 1261 1137 1310 usque
1181 1243 1341 1295 hodie
1387 1262 1418 1294 a
1457 1244 1704 1295 fidelibus
1748 1245 2015 1312 condigno
2049 1246 2250 1297 honore

320 1320 624 1378 veneratur,
662 1314 729 1365 ad
762 1314 979 1366 laudem
1022 1321 1076 1366 et
1116 1314 1375 1367 honorem
1413 1315 1616 1366 domini
1650 1317 1822 1367 nostri
1864 1317 1896 1367 J
1903 1335 1997 1368 esu
2031 1317 2252 1369 Christi.

319 1387 631 1438 Tilberhtus
657 1404 889 1453 namque
919 1387 1173 1438 801101118η
1198 1405 1294 1455 pro
1331 1405 1393 1439 eo
1427 1388 1484 1438 in
1521 1388 1885 1456 episcopatum
1913 1388 2251 1457 subrogatur,

320 1464 678 1521 consecratur,
722 1458 1066 1527 elevaturque
1104 1459 1162 1509 in
1201 1459 1335 1511 solio
1377 1460 1689 1527 episcopalis
1730 1461 1996 1512 cathedrae
2035 1461 2094 1511 in
2132 1462 2252 1513 loco

320 1531 412 1599 qui
439 1531 739 1598 appellatur
758 1531 1141 1595 Wulfeswelle,
1169 1531 1271 1583 hoc
1299 1538 1378 1584 est
1407 1534 1548 1583 Fons
1576 1532 1733 1600 Lupi.
1811 1534 2012 1585 Actum
2039 1540 2119 1585 est
2145 1534 2250 1586 1100

318 1605 367 1672 vj
397 1621 568 1654 nonas
594 1602 862 1655 Octobris.

1111 1714 1451 1749 DCCLXXXIII.

427 1796 590 1846 Anno
641 1795 969 1863 Dcc.lxxxiij,
1024 1796 1116 1863 qui
1168 1802 1248 1848 est
1300 1816 1472 1848 annus
1524 1797 1744 1864 quintus
1794 1798 2043 1850 Elfwaldi
2092 1799 2252 1867 regis,

319 1868 631 1935 Werburhg
673 1867 940 1935 quondam
986 1868 1175 1935 regina
1219 1869 1568 1933 Merciorum,
1621 1876 1753 1921 tunc
1793 1888 1918 1921 vero
1964 1871 2250 1935 abbatissa,

320 1941 575 1991 defuncta
619 1945 716 2003 est,
764 1957 972 2006 semper
1014 1958 1136 1991 cum
1183 1941 1416 2004 Christo,
1460 1948 1522 1992 ut
1565 1942 1709 1993 credi
1753 1943 1833 1993 fas
1876 1949 1973 2006 est,
2028 1943 2248 1995 victura.

321 2014 447 2080 Ipso
475 2030 684 2080 quoque
710 2017 951 2079 tempore
980 2013 1226 2080 Kymwlf
1259 2013 1554 2081 episcopus,
1592 2015 1657 2065 de
1684 2033 1789 2082 quo
1817 2016 2251 2082 supra-diximus,

322 2103 463 2136 anno
488 2085 832 2151 pontificatus
859 2084 940 2134 sui
961 2084 1386 2152 quadragesimo,
1416 2086 1696 2154 dereliquit
1722 2088 1997 2139 terrestria
2011 2109 2026 2151 ,-
2069 2088 2159 2155 qui
2187 2088 2254 2139 ad

320 2175 606 2225 supernam
631 2156 860 2208 feliciter
886 2156 1136 2224 migravit
1163 2158 1408 2225 patriam.

1131 2328 1452 2362 DCCLXXXVI.

431 2413 593 2463 Anno
644 2411 967 2479 Dcc.lxxxvj,
1027 2411 1118 2479 qui
1169 2417 1250 2462 est
1302 2429 1475 2462 annus
1525 2411 1775 2462 Elfwaldi
1823 2411 1965 2479 regis
2016 2417 2251 2476 octavus,

320 2486 563 2547 Bothe,
627 2483 947 2536 venerabilis
999 2484 1164 2535 abbas
1216 2483 1467 2551 Ripensis
1525 2484 1778 2546 ecclesiae,
1843 2483 1901 2533 in
1964 2490 2254 2551 conspectu

324 2557 618 2608 astantium
661 2556 890 2606 fratrum
932 2556 1264 2623 ergastulum
1306 2556 1469 2623 hujus
1512 2556 1791 2607 laboriosae
1835 2556 1959 2607 vitae
2000 2556 2252 2620 deseruit,

324 2628 626 2680 mercedem
673 2628 867 2696 jubilei
918 2628 1045 2678 anni
1102 2627 1460 2695 percipiendo.
1564 2629 1689 2695 Ipso
1741 2646 1951 2696 quoque
2002 2628 2252 2692 obeunte,

321 2701 555 2752 Alberht
589 2717 684 2767 pro
724 2717 786 2751 eo
828 2699 992 2750 abbas
1032 2700 1348 2767 praeelectus
1392 2705 1446 2751 et
1488 2707 1826 2751 consecratus
1871 2706 1967 2751 est.
2046 2701 2254 2752 Εο010111

325 2790 465 2823 011110
500 2771 697 2823 Aldulf
729 2777 1067 2822 consecratus
1103 2772 1379 2838 episcopus
1415 2772 1481 2822 ab
1523 2772 1802 2823 Eanbaldo
1838 2772 2251 2852 archiepiscopo,

322 2844 722 2910 Tilberhtoque,
776 2849 829 2894 et
883 2843 1172 2910 Hygbaldo
1221 2843 1556 2909 praesulibus,
1620 2843 1678 2893 in
1727 2844 2054 2895 monasterio
2110 2844 2253 2911 quod

327 2916 523 2967 dicitur
567 2916 663 2966 Et-
670 2914 1001 2981 Corabrigess
1045 2915 1336 2982 multisque
1377 2915 1690 2966 muneribus
1732 2933 1793 2966 ac
1834 2915 1987 2966 donis
2033 2916 2252 2980 ditatus,

325 2988 617 3039 honorifice
645 2987 710 3037 ad
738 3004 889 3037 suam
917 2986 1196 3037 ecclesiam
1224 2993 1303 3037 est
1329 2987 1599 3039 remissus,
2299 2985 2306 2991 ’

438 3060 542 3110 Η18
577 3058 766 3109 diebus
807 3058 1117 3125 Ricthryth,
1159 3059 1346 3125 regina
1387 3059 1608 3122 dudum,
1645 3060 1760 3126 jam
1798 3065 1930 3110 tunc
1966 3060 2251 3125 abbatissa,

326 3137 510 3199 optata
552 3130 789 3198 percepit
839 3148 1063 3181 munera
1114 3130 1333 3181 alterius
1383 3131 1525 3193 vitae,
1572 3132 1816 3183 deferens
1867 3149 2046 3182 coram
2091 3133 2253 3183 sacris

325 3203 605 3255 obtutibus
654 3202 876 3253 Domini
926 3202 1104 3253 oleum
1156 3220 1277 3253 cum
1335 3203 1687 3270 lampadibus.
1791 3205 1872 3255 Ea
1933 3211 2253 3271 tempestate

328 3275 565 3343 Kynwlf,
595 3273 1027 3325 Occidentalium
1065 3276 1336 3324 Saxonum
1376 3293 1485 3337 rex,
1524 3295 1554 3326 a
1594 3276 1795 3342 perfido
1829 3283 2060 3344 tyranno
2098 3278 2251 3344 Kyn-

327 3347 525 3399 heardo
551 3346 767 3413 lugubri
792 3345 1108 3396 interfectus
1136 3353 1215 3397 est
1243 3353 1431 3409 morte,
1461 3355 1514 3398 et
1540 3348 1631 3398 ille
1653 3348 1882 3398 crudelis
1901 3348 2255 3415 interemptor

328 3420 393 3471 ab
439 3418 645 3470 Osredo
697 3418 831 3468 duce
881 3417 938 3467 in
988 3418 1193 3468 ultione
1245 3418 1449 3468 domini
1501 3420 1583 3469 sui
1632 3419 2124 3471 immisericorditer
2167 3420 2250 3469 in-

325 3497 623 3558 teremptus
674 3495 772 3553 est,
824 3507 1156 3556 regnumque
1207 3490 1635 3541 Occidentalium
1691 3492 1964 3541 Saxonum
2015 3491 2253 3542 Brihtric

330 3563 549 3631 accepit.

767 3662 785 3678 η
817 3653 889 3693 An
910 3653 1240 3694 interlineation.

767 3718 781 3734 ⁰
813 3709 1044 3761 Corbridge
1065 3723 1119 3749 on
1140 3709 1214 3750 the
1234 3709 1367 3762 'syna
1391 3709 1498 3751 close
1519 3712 1562 3751 1-0
1584 3710 1796 3751 Hexham.
