2384 4126
335 403 442 453 5252ss
1113 413 1388 448 Arrizxmx
1428 412 1490 445 ΙΙ.

338 546 502 609 illius,
539 564 658 613 quae
685 551 765 597 est
799 542 1171 595 tertiodecimo
1205 540 1463 592 kalendas
1490 536 1710 604 Aprilis,
1755 532 2051 601 aperientes
2095 525 2267 593 sepul-

342 618 530 668 chrum
552 619 667 686 ejus
688 618 897 679 fratres,
926 622 986 666 ut
1008 633 1127 666 ossa
1144 614 1307 676 illius,
1331 630 1448 680 quae
1470 611 1582 678 jam
1610 609 1747 658 sicca
1772 602 2093 656 invenienda
2117 604 2271 679 puta-

340 690 490 753 bant,
529 709 687 758 supra
712 690 1081 757 pavimentum
1108 687 1282 753 dignae
1307 681 1664 736 venerationis
1694 679 1866 747 gratia
1890 677 2147 733 locarent,
2187 689 2269 750 in-

341 772 604 814 venerunt
631 780 823 830 corpus
847 767 1043 823 totum,
1087 759 1238 827 quasi
1267 758 1439 808 adhuc
1464 756 1681 815 viveret,
1713 753 2004 817 integrum,
2048 752 2100 797 et
2126 744 2271 824 flexi-

340 835 538 886 bilibus
561 842 776 886 artuum
797 832 1159 901 compagibus,
1182 830 1355 881 multo
1382 826 1670 879 dormienti
1697 842 1856 892 quam
1883 826 2096 872 mortuo
2125 833 2271 867 sunl-

340 907 462 958 lius.
540 907 882 958 Vestimenta
917 923 1125 972 quoque
1167 903 1361 970 quibus
1393 901 1645 951 indutum
1686 902 1817 959 erat,
1858 895 2179 970 intemerata
2220 892 2274 937 et

343 980 517 1047 prisca
541 980 780 1030 novitate
813 984 866 1030 et
902 977 1145 1028 claritate
1180 974 1439 1025 miranda.
1518 973 1831 1023 Extremam
1870 972 2073 1034 partem
2113 960 2271 1011 indu-

342 1058 647 1103 mentorum
687 1052 803 1118 ejus
841 1068 938 1117 pro
979 1047 1309 1100 ostendendo
1348 1042 1766 1111 incorruptionis
1810 1040 1964 1106 signo
2004 1035 2274 1114 tollentCS,

342 1142 481 1175 novo
525 1124 830 1174 involutum
871 1121 1072 1173 amictu
1112 1138 1323 1186 corpuS,
1367 1117 1579 1183 levique
1617 1116 1675 1164 in
1718 1113 1875 1163 theca
1918 1107 2275 1165 reconditum,

343 1215 503 1264 supra
527 1196 895 1264 pavimentum
923 1192 1215 1244 sanctuarii
1242 1193 1672 1258 composuerunt.

618 1364 1038 1407 IX.—QUOMODO
1079 1362 1391 1396 DESTRUCTA
1430 1361 1523 1393 EST
1564 1359 1691 1392 EJUS
1732 1355 2006 1390 ECCLESIA.

451 1466 613 1517 Anno
657 1465 721 1516 ab
762 1462 1132 1514 incarnatione
1176 1458 1396 1511 Domini
1438 1455 1726 1518 Dec.xciii.,
1774 1460 1874 1505 etc.
1976 1447 2277 1519 (Symeonis

345 1539 491 1590 Hist.
521 1538 797 1601 Dunelm.,
826 1537 926 1599 IL,
953 1535 1022 1601 v.)

550 1718 944 1759 X.—--QUOMODO
983 1716 1129 1756 AQUA
1168 1716 1228 1749 IN
1270 1712 1597 1748 SANGUINEM
1640 1709 1920 1745 CONVERSA
1958 1708 2068 1742 EST.

455 1811 616 1862 Anno
654 1809 719 1861 ab
754 1806 1127 1860 incarnatione
1165 1804 1391 1857 Domini
1426 1802 1744 1864 Dece.lxxv.,
1790 1805 1890 1852 ete.
1978 1797 2128 1866 (Hist
2163 1796 2278 1847 Du-

344 1884 527 1946 nelm.,
555 1883 655 1946 IL,
682 1882 771 1945 vi„
798 1881 890 1948 xi.)

851 2056 997 2088 X1.-—-
1007 2055 1077 2087 DE
1120 2054 1288 2088 TEXTO
1328 2051 1782 2104 EVANGE‘LIORUM.

462 2154 581 2204 Hac
607 2158 930 2220 tempestate
952 2152 1081 2202 dum
1100 2151 1269 2214 navis,
1292 2156 1391 2202 etc.
1442 2149 1608 2218 (Hist.
1633 2148 1908 2211 Dunelm.,
1930 2147 2029 2210 Π.,
2051 2147 2141 2212 xi„
2163 2147 2276 2215 xii.)

350 2332 601 2365 XIL--DE
644 2331 833 2364 CRECA.
913 2331 1190 2364 X111.-—DE
1230 2329 1675 2364 CUNCHECESTER.
1752 2303 2012 2362 XIV.—nE
2054 2326 2283 2360 SCOTTIS.

463 2429 603 2480 Cum
629 2428 792 2480 etiam
821 2427 1029 2495 corpori
1056 2445 1170 2490 suc,
1199 2433 1300 2479 etc.
1340 2426 1507 2493 (Hist.
1536 2425 1810 2488 Dunelm.,
1840 2425 1939 2487 IL,
1966 2424 2098 2490 xiii.)

1062 2615 1296 2647 XV.——-DE
1337 2613 1579 2647 RHIPUM.

468 2714 631 2764 Anno
652 2711 953 2763 Dominicae
977 2710 1364 2762 incarnationis
1391 2727 1603 2774 cM.xev,
1634 2710 1699 2762 ab
1726 2710 1879 2761 obitu
1906 2709 2091 2761 Sancti
2115 2704 2290 2761 'Cuth-

360 2786 502 2837 berti
539 2785 727 2847 cccix,
769 2784 924 2850 regni
952 2801 1078 2835 vero
1113 2783 1418 2834 AEthelredi
1455 2782 1579 2845 xvii,
1618 2783 1963 2850 pontificatus
2003 2782 2086 2832 sui
2124 2788 2292 2845 sexte,

361 2858 613 2909 Aldunus
648 2857 941 2924 episcopus,
983 2855 1184 2906 caelesti
1222 2855 1568 2922 praemonitus
1602 2855 1818 2905 oraculo
1855 2860 1919 2905 ut
1958 2871 2079 2905 cum
2118 2854 2293 2905 incor-

363 2936 523 2997 rupto
551 2928 876 2980 sanctissimi
907 2927 1076 2995 patris
1115 2945 1334 2994 corpore
1367 2926 1726 2993 quantocitius
1762 2926 1974 2993 fugiens
2012 2945 2295 2993 superven-

366 3008 545 3052 turam
584 3006 897 3068 pyratarum
933 2999 1140 3050 rabiem
1177 2999 1489 3061 declinaret,
1531 2998 1658 3048 tulit
1692 2998 1828 3048 illud
1864 2998 2003 3048 cxiii.
2034 3017 2192 3061 anno,
2233 3017 2298 3049 ex

369 3092 473 3141 quo
495 3074 551 3123 in
573 3072 969 3123 Cunchecestre
987 3071 1226 3121 locatum
1245 3070 1439 3132 fuerat,
1467 3075 1520 3120 et
1541 3088 1662 3120 cum
1684 3070 1833 3120 omni
1854 3070 1945 3136 qui
1966 3071 2080 3138 ejus
2102 3070 2298 3121 dicitur

367 3146 564 3214 populo
607 3144 665 3194 in
713 3143 949 3210 Hripum
987 3142 1388 3209 transportavit,
1433 3147 1673 3209 tempore
1710 3142 1877 3193 veris:
1924 3141 1984 3192 in
2027 3160 2134 3209 qua
2171 3142 2300 3209 fuga

369 3218 506 3268 illud
546 3215 894 3267 memorabile
937 3214 1126 3275 fertur,
1174 3213 1316 3280 quod
1350 3214 1423 3263 <in
1474 3219 1629 3264 tanta
1671 3214 2020 3265 multitudine
2064 3232 2223 3265 nemo
2269 3233 2300 3264 a

371 3289 596 3341 minimo
625 3288 691 3339 ad
716 3286 1013 3338 maximum
1039 3286 1152 3336 ulla
1175 3285 1504 3352 infirmitatis
1529 3286 1778 3337 molestia
1813 3286 2166 3353 affligebatur,
2207 3286 2300 3337 sed

372 3362 486 3413 sine
513 3361 625 3411 ullo
650 3359 833 3410 labore
860 3364 913 3409 et
932 3357 1272 3408 incommodo
1292 3357 1432 3408 viam
1455 3358 1747 3424 gradiendo
1767 3358 2102 3410 incedebant.
2166 3358 2300 3409 Ani-

369 3434 533 3485 malia
559 3433 723 3484 etiam
748 3436 951 3482 tenera⁶
971 3435 1025 3481 et
1049 3447 1223 3496 nuper
1246 3435 1392 3500 nata,
1421 3448 1550 3481 sana
1575 3436 1629 3482 et
1654 3430 1961 3493 incolumia,
1984 3430 2099 3481 sine
2126 3430 2305 3497 aliqua

455 3555 470 3572 ⁹
500 3547 591 3587 The
625 3544 847 3597 imperfect
880 3542 975 3583 MS.
1007 3542 1112 3583 used
1141 3542 1198 3595 by
1232 3543 1307 3583 the
1339 3542 1498 3583 editors
1530 3544 1576 3584 of
1599 3544 1674 3585 the
1707 3543 1818 3585 Aeta
1852 3544 2105 3584 Sanctorum
2135 3545 2306 3584 became

370 3603 574 3643 available
595 3603 639 3641 at
658 3600 745 3640 this
765 3599 899 3651 point,
929 3598 1004 3638 the
1031 3597 1174 3638 hiatus
1205 3598 1440 3650 extending
1468 3599 1637 3651 beyond
1656 3599 1731 3640 the
1751 3599 1865 3639 word
1884 3603 2039 3639 tenera.
2099 3598 2202 3639 This
2222 3599 2307 3638 and

370 3659 445 3698 the
478 3656 696 3707 following
727 3654 888 3695 section
918 3653 1117 3706 together
1141 3653 1251 3693 form
1278 3652 1438 3708 sedition
1460 3667 1528 3695 xx,
1551 3654 1597 3694 of
1620 3654 1694 3695 the
1720 3654 1851 3695 Liber
1871 3655 1922 3694 de
1943 3653 2308 3694 Translationibus

371 3713 417 3753 in
439 3713 515 3752 the
535 3711 706 3763 printed
727 3710 877 3761 copies
