2384 4126
812 424 1056 458 AUCTORE
1095 424 1379 458 ANONYMO.
1956 412 2060 460 149

141 550 281 601 bona
300 555 591 613 senectute,
614 550 784 600 filium
811 568 966 601 suum
993 550 1370 601 Ethelstanum
1401 549 1622 612 vocavit,
1652 550 1805 616 eique
1832 566 2058 616 regnum

141 640 296 672 suum
337 622 574 685 tradidit,
618 628 671 673 et
710 628 772 672 ut
815 623 1071 673 Sanctum
1102 622 1461 672 Cuthbertum
1503 621 1768 688 diligeret,
1811 627 1865 672 et
1901 640 2059 688 supra

140 711 325 743 omnes
372 694 596 744 Sanctos
640 694 944 756 honoraret,
987 694 1273 760 diligenter
1316 693 1639 755 inculcavit,
1682 693 1963 743 notificans
2009 693 2057 743 ei

141 764 368 831 qualiter
392 766 532 832 patri
559 783 653 816 suo
680 766 794 833 regi
821 765 1039 816 Elfredo
1065 766 1122 815 in
1147 771 1461 832 paupertate
1489 771 1542 816 et
1573 764 1629 814 in
1666 764 1824 815 exilio
1850 764 2055 815 miseri-

140 836 368 887 corditer
418 837 750 888 subvenisset
765 859 779 900 3
846 843 899 888 et
951 837 1180 904 qualiter
1231 855 1354 888 eum
1406 843 1592 887 contra
1641 854 1826 887 omnes
1876 836 2055 886 hostes

139 908 361 959 viriliter
396 908 651 976 juvisset,
696 915 749 960 et
790 910 1055 977 quomodo
1090 908 1409 975 sibimetipsi
1441 908 1499 958 in
1537 908 1786 958 omnibus
1826 908 2054 958 necessi-

137 979 340 1030 tatibus
367 980 475 1031 suis
502 981 896 1032 evidentissime
922 980 1348 1048 promptissimus
1376 998 1583 1047 semper
1609 980 1822 1048 adjutor
1846 979 2051 1030 fuisset.

140 1051 262 1103 Qua
288 1053 671 1103 ammonitione
697 1053 839 1104 facta
864 1053 1093 1104 feliciter
1119 1052 1268 1104 obiit.
1656 1048 1659 1049 ⁷

247 1124 425 1190 Igitur
457 1124 806 1175 Ethelstanus
831 1144 924 1176 rex
948 1143 1206 1192 magnum
1234 1124 1530 1175 exercitum
1564 1124 1629 1174 de
1657 1123 1878 1174 australi
1903 1129 2054 1190 parte

138 1195 339 1258 eduxit,
386 1202 439 1247 et
465 1215 646 1247 versus
679 1198 1042 1264 aquilonarem
1075 1197 1285 1263 plagam
1313 1196 1370 1246 in
1401 1195 1661 1246 Scottiam
1694 1195 1846 1245 illum
1873 1213 2053 1246 secum

137 1266 356 1318 trahens
407 1268 473 1318 ad
522 1269 813 1319 oratorium
867 1270 1052 1319 Sancti
1096 1268 1381 1319 Cuthberti
1431 1267 1665 1329 divertit,
1712 1267 1865 1333 eique
1909 1267 2056 1333 regia

138 1357 360 1390 munera
386 1339 549 1403 dedit,
578 1347 630 1391 et
655 1341 780 1391 inde
806 1340 907 1391 hoc
933 1340 1290 1406 subscriptum
1325 1345 1708 1390 testamentum
1738 1339 2052 1405 composuit,

138 1417 191 1461 et
219 1411 284 1461 ad
311 1417 469 1478 caput
497 1412 682 1463 Sancti
709 1412 994 1463 Cuthberti
1020 1412 1240 1479 posuit.⁷⁴

245 1484 310 1533 In
346 1485 548 1535 nomine
595 1485 804 1535 Domini
848 1485 1016 1535 nostri
1054 1485 1215 1534 leesu
1260 1484 1471 1534 Christi.
1549 1483 1664 1549 Eyo
1708 1483 2054 1533 Ethelstanus

133 1572 229 1605 rea’
256 1556 319 1605 do
349 1556 542 1606 Sancto
575 1557 853 1607 Cuthberto
881 1558 1017 1607 bunc
1044 1561 1241 1607 tea'tum
1267 1555 1713 1620 Evanyeliorum,²²
1757 1555 1800 1619 ij
1826 1556 2050 1616 casulas,

136 1631 185 1676 et
197 1629 234 1692 j
259 1628 445 1689 albam,
474 1628 571 1693 etj
593 1628 781 1678 stolam
809 1645 921 1678 cum
949 1628 1228 1692 manipulo,
1257 1632 1306 1676 et
1318 1628 1354 1692 j
1380 1627 1657 1693 cinyulum,
1700 1631 1749 1675 et
1776 1642 1848 1691 ²²]
1864 1627 2054 1676 altaris

136 1699 529 1764 cooperimenta,
559 1704 609 1749 et
620 1700 656 1765 j
682 1700 894 1749 calicem
922 1704 1238 1765 aryenteum,
1267 1703 1317 1748 et
1342 1715 1381 1764 ij
1393 1703 1638 1763 patenas,
1676 1698 1897 1747 alteram
1925 1715 2053 1748 auro

120 1776 392 1834 paratam,
443 1772 663 1821 alteram
719 1772 900 1821 Groeco
952 1787 1102 1836 opere
1139 1768 1519 1835 fabrefactam,
1572 1774 1622 1819 et
1657 1770 1694 1834 j
1738 1768 2051 1819 turribulum

131 1847 447 1907 arqenteum,
484 1847 534 1893 et
556 1843 593 1908 j
630 1860 833 1893 crucem
872 1859 999 1893 auro
1041 1847 1091 1892 et
1129 1842 1278 1892 ebore
1317 1840 1601 1906 artificiose
1628 1845 1902 1906 paratam,
1944 1846 1993 1891 et
2018 1842 2054 1906 j

128 1913 326 1979 regium
342 1914 560 1980 pilleum
587 1932 715 1965 auro
744 1919 960 1976 tewtum,
1002 1919 1052 1964 et
1072 1914 1115 1980 ij
1140 1914 1347 1965 tabulas
1383 1929 1512 1963 auro
1541 1918 1591 1963 et
1618 1917 1833 1978 arqento
1863 1911 2049 1977 fabre-

119 1983 320 2049 factas,
349 1991 399 2036 et
424 1986 467 2051 ij
493 1986 807 2037 candelabra
835 1991 1084 2053 arqentea
1120 2003 1248 2036 auro
1284 1990 1501 2051 parata,
1545 1990 1594 2035 et
1605 1985 1642 2050 j
1674 1984 1900 2045 missale,
1938 1990 1987 2035 et
2013 1985 2055 2050 ij

130 2056 534 2123 Evanyeliorum
561 2063 735 2109 tea’tus
762 2076 890 2109 auro
926 2063 976 2109 et
1011 2062 1226 2123 aryento
1263 2062 1495 2117 ornat03,
1537 2062 1586 2106 et
1612 2057 1649 2122 j
1676 2056 1861 2106 Sancti
1894 2056 2051 2107 Cuth-

131 2128 263 2179 berti
311 2129 484 2180 Vitam
522 2130 733 2180 metrice
771 2135 822 2181 et
855 2130 1102 2195 prosaice
1141 2129 1443 2194 scriptam,w
1485 2134 1535 2178 et
1568 2129 1644 2193 vij
1674 2128 1866 2193 pallia,
1907 2132 1957 2177 et
1995 2128 2059 2193 z'z‘j

131 2201 379 2262 cortinas,
408 2207 458 2252 et
483 2202 546 2267 iij
572 2203 789 2267 tapetia,
818 2207 868 2252 et
893 2202 936 2267 ij
962 2218 1152 2267 coppas
1179 2206 1456 2267 argenteas
1483 2216 1597 2250 cum
1625 2200 1962 2264 cooperculis,
2004 2205 2054 2249 et

130 2272 214 2337 iiij
239 2290 456 2337 maynas
483 2290 781 2337 campanas,
810 2279 859 2323 et
886 2274 950 2339 iij
969 2290 1164 2323 cornua
1192 2290 1320 2322 auro
1348 2277 1397 2321 et
1424 2276 1639 2337 aryento
1654 2269 1981 2335 fabrefacta,
2005 2277 2055 2321 et

131 2343 174 2409 ij
197 2345 406 2406 vea‘illa,
454 2350 504 2395 et
528 2345 565 2410 j
598 2346 850 2406 lanceam,
893 2350 942 2395 et
977 2345 1019 2410 ij
1045 2344 1283 2394 armillas
1322 2360 1530 2404 aureas,
1575 2348 1626 2393 et
1663 2359 1829 2392 meam
1874 2343 2054 2392 villam

133 2415 399 2466 dilectamx
441 2416 756 2466 Wremutlze
798 2417 1100 2467 Australem
1145 2432 1259 2465 cum
1296 2415 1406 2465 suis
1445 2414 1824 2479 appendentiis,
1863 2414 1923 2463 id
1958 2419 2051 2474 est,

139 2487 392 2549 Westuny
427 2487 701 2553 Uffertunf
737 2488 1160 2553 Sylceswurtbest
1195 2487 1328 2536 duas
1361 2483 1735 2551 Reofboppas,⁶
1770 2485 2054 2551 Byrclene,⁶

134 2558 340 2620 Selium,
385 2557 589 2621 Setun}
631 2559 848 2621 Daltun,
895 2559 1150 2620 Daldene,
1192 2558 1517 2608 Heseldene.⁶
1605 2558 1733 2607 Hoec
1772 2557 1943 2607 omnia
1990 2557 2054 2607 a'o

214 2678 232 2695 ¹¹
263 2670 324 2711 At
343 2671 416 2711 the
434 2670 673 2723 beginning
691 2670 737 2710 of
762 2670 848 2710 this
867 2670 984 2720 deed,
1010 2670 1057 2709 in
1076 2669 1151 2710 the
1171 2668 1423 2719 Cambridge
1443 2667 1552 2718 MS„
1582 2668 1617 2707 is
1637 2668 1711 2708 the
1730 2668 1886 2717 rubrio,
1923 2670 2055 2708 Carta

131 2727 240 2778 reyis
259 2728 512 2766 Ethelstani.
572 2726 707 2766 There
737 2726 771 2765 is
803 2738 827 2764 a
857 2738 963 2777 copy
983 2725 1029 2765 of
1053 2724 1139 2764 this
1165 2723 1440 2764 charter-will
1466 2723 1513 2762 in
1543 2723 1636 2763 MS.
1658 2722 1828 2772 Cotton,
1850 2723 2054 2763 Claudius

130 2781 186 2822 D.
207 2781 277 2831 iv.,
298 2784 412 2830 21-2‚
442 2793 467 2820 a
486 2780 579 2821 MS.
601 2781 647 2820 of
662 2781 735 2821 the
751 2780 947 2820 fifteenth
967 2782 1160 2830 century.
1219 2779 1264 2819 It
1283 2791 1429 2818 occurs
1449 2778 1535 2818 also
1555 2780 1599 2818 at
1618 2790 1657 2829 p.
1678 2781 1731 2818 93
1746 2779 1767 2817 b
1789 2779 1835 2818 of
1850 2778 1923 2818 the
1943 2791 2055 2818 same

133 2836 241 2885 MS„
271 2836 354 2876 and
384 2835 419 2875 is
450 2835 538 2875 said
568 2838 613 2875 to
646 2836 697 2875 be
723 2836 852 2875 taken
882 2835 990 2874 “Ex
1010 2835 1118 2875 libro
1137 2833 1324 2883 Prioris3
1354 2835 1397 2873 et
1416 2833 1644 2873 concordat
1664 2845 1763 2872 cum
1782 2832 1890 2873 libro
1910 2833 2054 2883 magni

131 2890 317 2931 altaris.''
374 2891 464 2931 The
483 2903 653 2942 passage
673 2890 855 2941 relating
873 2892 918 2929 to
938 2889 1141 2929 Edmund
1161 2888 1195 2928 is
1215 2888 1303 2928 said
1323 2890 1368 2928 to
1388 2889 1439 2928 be
1459 2889 1485 2907 “
1498 2887 1566 2927 Ex
1579 2887 1686 2927 libro
1705 2888 1850 2939 magni
1869 2887 2056 2927 altaris.''

133 2945 316 2986 Neither
335 2945 383 2995 it,
412 2958 492 2985 nor
510 2946 584 2986 the
606 2945 686 2984 will
708 2946 754 2985 of
779 2944 1020 2994 Athelstan,
1044 2944 1079 2983 is
1099 2944 1145 2983 in
1164 2944 1239 2983 the
1259 2943 1388 2983 Liber
1407 2942 1535 2991 Vitae,
1566 2943 1650 2982 and
1670 2955 1783 2982 some
1804 2943 1926 2982 other
1946 2943 2056 2982 book

131 3001 167 3041 is
187 3014 242 3041 no
262 3001 395 3041 doubt
413 3002 570 3041 meant.
629 3000 719 3040 'Phe
739 2999 966 3041 variations
984 3000 1175 3040 between
1198 2998 1272 3038 the
1300 2997 1531 3039 Cottonian
1551 2997 1644 3038 MS.
1666 2998 1749 3037 and
1769 3010 1848 3037 our
1875 2999 1966 3038 text
1987 3010 2056 3038 are

131 3056 364 3150 trlflin'ffbis
393 3110 503 3150 book
533 3122 616 3150 was
644 3109 690 3149 in
710 3110 783 3149 the
804 3092 1033 3150 Cottonian
1053 3108 1247 3160 Library‚
1277 3107 1393 3147 Otho
1413 3107 1464 3147 B.
1485 3106 1543 3156 ix,
1573 3106 1657 3146 and
1676 3118 1758 3146 was
1777 3108 1889 3146 most
1909 3107 2056 3146 unfor-

133 3165 328 3217 tunately
346 3165 567 3217 destroyed
587 3165 630 3204 in
651 3165 726 3204 the
746 3165 832 3205 fire.
1166 3170 1189 3186 '¹'
1218 3162 1289 3202 No
1309 3163 1456 3212 doubt,
1484 3162 1559 3202 the
1578 3161 1673 3201 Life
1691 3162 1748 3214 by
1768 3161 1895 3202 Beda.

214 3225 235 3242 ¹
264 3221 475 3259 Dilectam
494 3220 630 3271 ought
648 3219 851 3271 probably
866 3221 911 3258 to
930 3219 981 3258 be
1001 3220 1168 3258 dictam.

212 3280 233 3305 ⁹
262 3273 352 3313 The
383 3273 635 3326 Cambridge
666 3274 759 3314 MS.
795 3274 869 3313 has
902 3273 1102 3314 Wertun.
1171 3272 1360 3321 Westoe,
1395 3284 1498 3311 near
1532 3270 1670 3310 South
1704 3270 1882 3319 Shields,
1916 3270 1952 3310 is
1984 3270 2056 3311 the

133 3327 249 3379 place
268 3330 424 3368 meant.
756 3336 771 3353 ¹
803 3329 1009 3377 Offerton,
1039 3327 1085 3367 in
1106 3328 1179 3367 the
1199 3327 1342 3378 parish
1362 3327 1408 3365 of
1434 3325 1931 3378 Houghton-le-Spring.

216 3389 234 3406 α
264 3381 524 3432 Silksworth,
553 3382 600 3422 in
619 3383 693 3423 the
712 3383 853 3433 parish
873 3383 919 3422 of
943 3381 1425 3434 Bishop-Wearmouth.

217 3434 233 3459 ⁶
263 3435 456 3487 Ryhope,
486 3436 532 3475 in
550 3437 624 3477 the
644 3450 756 3477 same
775 3437 929 3488 parish.
1165 3443 1179 3461 ⁶
1208 3437 1400 3486 Burdon,
1430 3436 1475 3475 in
1496 3435 1570 3475 the
1591 3447 1703 3474 same
1723 3433 1878 3485 parish.

215 3490 234 3514 ἀ
263 3490 440 3530 Seaham
460 3491 543 3530 and
563 3491 730 3541 Seaton,
759 3492 805 3531 in
824 3492 899 3532 the
918 3491 1061 3543 parish
1082 3491 1128 3531 of
1153 3490 1343 3531 Seaham.

215 3552 230 3569 ²
257 3544 429 3594 Dalton,
460 3545 639 3595 Dalden,
673 3546 756 3585 and
792 3548 894 3586 Cold
927 3546 1156 3595 Hesleden,
1195 3546 1240 3585 in
1275 3546 1349 3585 the
1387 3544 1529 3595 parish
1568 3543 1615 3583 of
1651 3542 1823 3582 Dalton,
1893 3541 1947 3580 In
1982 3541 2057 3582 the

133 3599 363 3640 Cottonian
401 3599 494 3639 MS.
534 3600 652 3640 these
689 3600 826 3651 places
859 3613 928 3641 are
967 3614 1011 3640 as
1045 3601 1228 3641 follows:
1270 3599 1526 3639 VVermuthe
1564 3597 1821 3645 Australem,
1855 3595 2054 3645 Westun,

133 3654 366 3703 Wffertun,
397 3654 706 3704 Silceswurthe,
736 3655 839 3694 duas
858 3654 1145 3706 Reofhoppas,
1177 3655 1388 3706 Byrdene,
1414 3654 1606 3701 Saetone,
1631 3651 1826 3700 Daltone,
1853 3649 2056 3700 Daldene,

133 3708 377 3749 Hesildene.
