2384 4126
319 375 422 425 196
907 392 1164 426 HISTORIA
1204 393 1667 428 TRANSLATIONUM

319 536 439 585 quae
467 518 605 569 circa
632 518 768 569 illud
794 518 1008 570 fuerant
1030 520 1458 587 contingendum
1480 520 1763 588 quisquam
1784 527 1979 588 praeter
1999 521 2250 572 abbatem

320 590 385 641 de
429 591 591 657 Sagio
631 609 798 641 manu
840 591 1162 642 admoveret.
1257 593 1495 643 Caeteros
1532 593 1688 660 jubet
1729 594 1946 661 propius
1982 594 2247 656 assistere,

319 669 373 713 et
400 662 519 713 visu
553 663 731 730 potius
766 682 926 730 quam
963 669 1216 714 contactu
1246 665 1526 715 veritatem
1565 665 1644 716 rei
1682 666 1997 733 experiendo
2026 684 2246 733 capere:

319 735 513 786 fratres
539 753 749 802 quoque
785 736 1097 786 monasterii
1132 737 1384 803 praecepit
1409 737 1776 789 indesinenter
1803 739 1986 789 adesse
2015 745 2068 789 et
2096 738 2252 804 vigil-

320 807 433 857 anti
475 825 683 874 semper
720 807 915 857 obtutu
954 807 1252 871 observare,
1293 827 1362 859 ne
1388 810 1473 859 vel
1498 809 1818 876 particulam
1850 810 1926 860 fili
1962 810 2248 861 indumen-

318 885 499 929 torum
520 897 636 946 quae
654 896 844 946 corpus
863 879 1179 930 obvolveran
1188 886 1223 942 t,
1246 880 1357 931 ullo
1375 881 1533 931 modo
1556 881 1747 948 aliquis
1769 881 2016 932 auferret.
2084 882 2250 932 Fiunt

321 969 439 1018 quae
470 952 621 1019 jussa
661 951 895 1002 fuerant,
975 951 1313 1002 Memoratus
1356 952 1535 1015 abbaS,
1577 971 1687 1003 uno
1728 953 1967 1020 ejusdem
2011 954 2249 1004 ecclesiae

284 1027 287 1030 ⁴
317 1023 483 1074 fratre
505 1041 560 1074 se
581 1024 820 1090 juvante,
837 1022 1079 1073 involuta
1096 1024 1366 1090 explicans
1386 1024 1705 1075 vestimenta
1725 1025 1866 1075 circa
1883 1026 2248 1076 venerandum

321 1102 499 1163 caput,
523 1100 748 1161 utraque
768 1094 905 1144 illud
933 1113 1099 1145 manu
1125 1095 1334 1146 cunctis
1355 1096 1736 1162 aspicientibus
1764 1097 2042 1163 paululum
2062 1098 2247 1159 erexit,

320 1174 373 1219 et
399 1167 458 1217 in
484 1167 719 1218 diversas
743 1166 1066 1217 reflectendo
1092 1174 1270 1233 partes
1295 1166 1508 1234 integra
1544 1168 1794 1219 omnibus
1828 1169 2097 1235 juncturis
2126 1170 2250 1220 colli

321 1257 577 1306 compage
612 1238 819 1305 reliquo
856 1238 911 1288 id
953 1238 1161 1305 corpori
1203 1239 1467 1290 cohaerere
1504 1239 1728 1290 invenit.
1820 1240 2046 1304 Deinde,
2081 1259 2246 1291 manu

321 1312 554 1373 admota,
593 1310 798 1361 firmius
836 1328 1019 1361 aurem
1054 1310 1273 1362 trahens
1310 1317 1363 1361 et
1401 1312 1697 1375 retrahens,
1741 1318 1794 1363 et
1833 1318 1955 1379 post
1981 1313 2081 1363 hoc
2118 1313 2248 1363 alias

320 1401 532 1451 quoque
571 1382 804 1450 corporis
842 1388 1018 1449 partes
1053 1401 1219 1433 manu
1262 1390 1635 1450 perscrutante
1674 1384 1972 1451 explorans,
2015 1385 2248 1435 solidum

318 1456 495 1507 nervis
517 1461 570 1506 et
591 1455 818 1517 ossibUS,
841 1472 963 1505 cum
991 1455 1165 1505 carnis
1191 1455 1418 1506 mollitie
1444 1456 1677 1523 repperit
1704 1474 1911 1524 corpus.
1990 1457 2055 1507 Id
2083 1457 2246 1508 etiam

316 1546 411 1595 per
432 1533 591 1595 caput
611 1527 844 1578 tenendo
866 1527 1195 1591 concutiens,
1219 1528 1350 1579 adeo
1377 1528 1434 1577 in
1461 1528 1689 1580 sublime
1717 1529 1900 1591 erexit,
1923 1535 1985 1579 ut
2011 1529 2068 1579 in
2093 1529 2245 1580 habi-

315 1601 496 1651 taculo
514 1617 622 1650 suae
641 1600 833 1667 quietis
850 1618 983 1666 pene
1004 1600 1187 1651 sedere
1206 1600 1379 1650 visum
1398 1600 1578 1651 fuerit.
1630 1602 1702 1651 Et
1719 1620 1785 1652 ne
1804 1601 1931 1668 quid
1953 1601 2247 1669 diligentiae

317 1672 638 1740 inquirentis
667 1672 890 1734 deesset,
927 1672 1066 1722 circa
1100 1672 1261 1739 pedes
1290 1690 1501 1739 quoque
1529 1679 1582 1724 et
1609 1691 1763 1724 crura
1789 1674 2011 1724 eandem
2039 1674 2248 1724 studuit

317 1744 544 1812 experiri
564 1744 948 1810 integritatem.
1010 1745 1246 1795 Fuerant
1267 1751 1448 1796 autem
1467 1746 1717 1796 nonnulli
1738 1746 1829 1813 qui
1848 1746 1949 1796 hoc
1971 1746 2246 1813 aliquanto

317 1817 520 1868 diutius
548 1816 747 1867 intueri
779 1822 1048 1883 paventes,
1090 1816 1276 1883 positis
1305 1835 1464 1884 super
1491 1818 1673 1868 oculos
1700 1818 1949 1869 manibus
1978 1819 2240 1869 exclama-

314 1896 437 1940 rent
464 1908 587 1940 eum
613 1889 899 1956 plusquam
924 1906 1008 1939 res
1035 1888 1331 1955 postularet
1361 1889 1601 1940 veritatis
1629 1891 1820 1957 exequi
1850 1891 2240 1958 probationem,

317 1962 469 2030 cujus
511 1967 624 2011 tam
665 1960 939 2011 evidenter
978 1960 1092 2027 ipse
1133 1960 1396 2011 tenuisset
1438 1961 1834 2013 certitudinem.
1932 1963 2070 2013 Cum
2113 1981 2241 2029 ergo

314 2033 732 2100 incorruptionis
770 2032 1090 2083 miraculum
1128 2032 1257 2083 satis
1291 2051 1553 2100 superque
1585 2034 1705 2100 pius
1741 2034 2028 2101 inquisitor
2059 2035 2239 2102 explo-

314 2112 504 2168 rasset,
545 2106 750 2156 elevata
775 2105 832 2154 in
858 2104 1098 2155 medium
1124 2122 1250 2155 voce
1276 2105 1645 2172 proclamavit,
1675 2107 1857 2157 “Ecce
1879 2106 1930 2156 !''
1969 2107 2239 2174 inquiens,

318 2183 352 2206 “
373 2179 583 2240 fratres,
623 2177 725 2227 hoc
762 2194 954 2244 corpus
984 2177 1128 2244 jacet
1162 2177 1251 2228 hic
1279 2177 1495 2244 quidem
1528 2178 1787 2242 exanime,
1829 2179 1920 2230 sed
1948 2179 2024 2229 ita
2050 2197 2239 2230 sanum

315 2254 349 2277 “
371 2256 424 2301 et
474 2250 767 2316 integrum,
820 2249 958 2299 sicut
1002 2267 1064 2299 ea
1115 2248 1200 2300 die
1246 2267 1368 2316 qua,
1421 2250 1653 2301 caelestia
1702 2257 1904 2318 petens,
1949 2251 2005 2301 id
2056 2258 2242 2303 sancta

316 2327 350 2350 “
371 2322 658 2389 reliquerat
694 2321 928 2372 anima.”
1013 2321 1319 2388 Diligenter
1355 2321 1545 2373 deinde
1585 2323 1909 2390 compositis,
1947 2323 2086 2374 sicut
2115 2331 2239 2376 ante

313 2395 545 2457 fuerant,
589 2393 855 2457 omnibus,
897 2393 1088 2444 fratres
1131 2394 1445 2445 monasterii
1488 2413 1698 2446 veraces
1739 2401 1793 2446 et
1833 2396 1936 2446 fide
1982 2395 2131 2462 digni
2173 2396 2238 2447 ab

312 2467 562 2518 omnibus
584 2466 973 2533 praedicantur,
1018 2472 1072 2517 et
1092 2466 1181 2517 ille
1203 2466 1294 2533 qui
1315 2466 1389 2517 eis
1410 2484 1520 2517 non
1540 2467 1862 2518 credendum
1884 2468 2236 2535 judicaverat,

312 2539 476 2590 simul
502 2557 624 2590 cum
652 2538 769 2589 aliis
789 2538 908 2600 hoc,
937 2538 1080 2605 quod
1106 2545 1230 2589 ante
1252 2538 1530 2603 abnuerat,
1559 2539 1899 2603 credendum,
1923 2540 2030 2591 sive
2057 2540 2238 2591 volens

311 2613 421 2664 sive
470 2611 678 2674 nolenS,
731 2610 1045 2661 affirmabat.
1142 2611 1372 2678 Jamque
1422 2612 1489 2662 Te
1533 2612 1701 2662 Deum
1744 2613 2051 2663 Laudamus
2089 2613 2235 2663 exul-

311 2683 554 2735 tantibus
607 2682 815 2734 cunctis
866 2682 1176 2733 solemniter
1227 2683 1528 2746 decantatO,
1580 2684 1937 2751 omnibusque
1989 2702 2106 2752 quae
2150 2703 2235 2737 res

310 2761 623 2823 poposcerat
650 2754 902 2806 decenter
922 2754 1207 2822 dispositis,
1231 2772 1420 2822 corpus
1449 2756 1615 2823 patris
1637 2756 1876 2807 humeris
1901 2757 2235 2824 portantium

313 2827 593 2895 excipitur,
636 2833 690 2878 et
730 2826 788 2876 in
831 2826 1089 2877 honorem
1126 2827 1528 2894 Omnipotentis
1568 2828 1673 2879 Dei
1708 2829 2044 2879 cantantium
2078 2847 2233 2881 voces

310 2899 528 2967 hymnis
547 2899 655 2949 late
677 2904 1002 2965 concrepant
1023 2899 1342 2950 caelestibus.
1408 2900 1845 2951 Praecedentibus
1862 2919 1985 2951 cum
2006 2901 2228 2952 aliorum

309 2970 550 3037 reliquiis
581 2971 904 3020 Sanctorum
931 2970 1158 3033 scriniis,
1196 2988 1318 3021 cum
1355 2971 1422 3021 ad
1458 2972 1712 3022 ultimum
1748 2973 2050 3023 venerabile
2084 2973 2230 3024 beati

312 3041 600 3095 Cuthberti
646 3059 837 3108 corpus
877 3059 1000 3092 cum
1040 3041 1327 3092 festivioris
1368 3042 1610 3109 obsequii
1649 3050 1908 3110 apparatu
1953 3043 2231 3095 efferretur

309 3116 464 3177 ostio,
505 3114 754 3180 frequens
784 3113 876 3179 qui
901 3113 1029 3163 foris
1057 3119 1455 3180 exspectaverat
1475 3114 1721 3181 populus,
1754 3114 1812 3164 in
1846 3115 2092 3166 lacrimas
2119 3134 2226 3183 prae

310 3187 505 3254 gaudio
530 3185 816 3247 resolutus,
843 3188 990 3235 totus
1018 3184 1229 3235 obviam
1248 3185 1377 3247 ruit,
1405 3191 1467 3235 ut
1493 3186 1775 3252 portitores
1799 3187 1969 3238 sancti
1991 3188 2226 3254 corporis

306 3260 393 3310 vix
419 3259 476 3309 in
495 3263 649 3309 tanta
669 3256 1058 3323 constipatiOne
1083 3257 1367 3323 procedere
1394 3258 1711 3324 potuissent,
1735 3264 1788 3309 et
1815 3264 1967 3309 tanto
1995 3260 2225 3312 clamore

310 3329 642 3383 commixtim
669 3328 959 3390 orantium,
996 3328 1372 3392 exultantium,
1400 3335 1453 3379 et
1475 3330 1763 3381 exultando
1784 3330 2048 3393 flentium,
2072 3350 2225 3384 voces

308 3408 682 3471 premerentur
715 3400 1068 3453 cantantium.
1147 3400 1557 3452 Circumeuntes
1590 3407 1769 3453 autem
1801 3421 1994 3454 novam
2022 3405 2224 3455 extrin-

310 3494 459 3528 secus
487 3474 785 3536 ecclesiam,
814 3472 881 3523 ad
907 3472 1222 3523 orientalem
1251 3474 1363 3541 ejus
1399 3474 1613 3540 plagam
1641 3475 1927 3526 stationem
1962 3475 2223 3539 fecerunt,

307 3548 419 3610 ubi,
437 3564 736 3598 sermonem
756 3544 984 3596 faciente
1006 3544 1269 3612 episcopo,
1294 3545 1542 3596 astabant
1564 3553 1617 3597 et
1643 3547 1762 3614 ipsi,
1786 3547 1877 3614 qui
1904 3548 2223 3598 miraculum

304 3618 722 3686 incorruptionis
742 3618 992 3678 inventae,
1011 3617 1253 3683 quaejam
1275 3635 1369 3683 per
1385 3618 1805 3685 quadringentos
1821 3620 2005 3670 decem
2027 3626 2081 3670 et
2101 3626 2222 3670 octo

306 3710 473 3744 annos
514 3691 570 3741 in
613 3691 849 3741 humano
892 3706 1109 3756 corpore
1150 3690 1546 3756 perduraverat,
1585 3708 1639 3741 se
1682 3697 1734 3741 et
1767 3690 1959 3741 vidisse
1995 3698 2048 3741 et
2094 3709 2218 3742 con-
