2384 4126
892 407 1080 442 sANc'ri
1122 406 1453 441 CUTHBERTI.
2039 394 2141 443 189

219 530 347 586 nata
373 540 552 586 essent
579 533 916 601 explorarent
932 555 947 596 3
979 539 1137 600 atque
1159 532 1225 583 ad
1241 531 1296 582 id
1316 532 1402 582 die
1421 536 1647 582 venturo
1666 532 2142 598 transportandum

221 625 442 673 quaeque
468 607 631 672 digna
656 612 708 656 et
735 605 1104 656 convenientia
1128 604 1452 665 viderentur,
1479 602 1741 653 maturius
1766 611 2139 669 praepararent.

221 678 308 728 Ne
333 678 596 738 videlicet,
634 694 756 727 cum
790 677 922 727 hora
951 676 1151 727 festivae
1185 674 1534 741 processionis
1561 674 1836 737 institerit,
1874 674 2052 741 aliqua
2078 693 2142 726 ex

220 749 629 816 improvidentia
671 748 956 799 difficultas
998 747 1441 814 impedimentum
1482 745 1644 796 faciat
1660 767 1674 808 ,-
1730 752 1888 812 atque
1932 746 2024 808 ita,
2076 764 2141 797 ex

223 839 372 871 mora
416 820 796 887 exspectationi
821 820 1189 870 universorum
1216 817 1307 885 qui
1334 817 1645 868 advenerint
1670 817 1899 883 ingrata,
1922 818 2142 884 agendis

222 893 568 943 sollemnibus
605 891 871 958 obsequiis
905 891 999 941 fiat
1033 890 1245 957 injuria.
1325 889 1474 939 Jussi
1508 906 1634 955 ergo
1667 889 1876 951 fratres,
1918 907 2142 939 numero

221 982 429 1026 novem,
459 964 541 1031 adj
552 970 711 1014 uncto
739 963 839 1013 sibi
860 962 1044 1013 Priore
1070 962 1235 1028 ipsius
1256 961 1508 1022 ecclesiae,
1530 961 1784 1027 Turgoto,
1807 961 1900 1026 qui
1919 961 2140 1028 jejuniis

221 1041 274 1086 et
301 1035 754 1086 obsecrationibus
783 1035 849 1084 ad
873 1034 975 1084 hoc
1002 1051 1114 1084 sese
1140 1039 1581 1100 praeparaverant,
1603 1032 1657 1082 ix
1684 1033 1789 1082 kal.
1815 1032 2140 1099 Septembris

221 1107 394 1157 noctis
433 1106 606 1169 initio,
649 1113 773 1157 ante
806 1105 1165 1156 venerabilem
1207 1105 1507 1171 sepulcrum
1542 1110 1970 1170 prosternuntur,
2008 1104 2140 1154 effu-

222 1179 396 1245 sisque
421 1178 656 1229 lacrimis
683 1185 735 1229 et
760 1178 1023 1244 precibUS,
1065 1194 1256 1227 manus
1298 1194 1409 1226 non
1450 1176 1564 1226 sine
1598 1176 1790 1226 timore
1827 1193 1886 1226 ac
1911 1182 2142 1226 tremore

223 1256 514 1317 apponunt,
541 1256 602 1300 ut
628 1249 763 1300 illud
790 1249 1044 1316 aperiant.
1124 1248 1246 1300 Quo
1273 1248 1491 1298 tandem
1525 1247 1900 1298 instrumentis
1935 1247 2140 1299 serrali-

221 1322 320 1372 bus
347 1322 627 1388 patefacto,
655 1321 936 1372 inveniunt
971 1326 1247 1386 stupentes
1289 1337 1482 1381 arcam,
1525 1337 1686 1385 quam
1721 1337 1785 1369 ex
1819 1319 1966 1369 omni
1990 1326 2142 1386 parte

220 1393 504 1459 diligenter
530 1400 714 1459 parata
739 1393 1002 1458 clavisque
1030 1392 1183 1441 affixa
1207 1391 1392 1442 ferreis
1418 1391 1560 1441 coria
1584 1397 1752 1441 totam
1792 1391 2140 1442 obduxerant.

222 1465 356 1515 Quae
375 1465 620 1515 videlicet
641 1482 776 1526 arca,
799 1465 1029 1530 pondere
1057 1463 1140 1512 sui
1166 1468 1219 1513 et
1241 1462 1627 1529 magnitudine,
1657 1462 1773 1512 aliis
1796 1480 2005 1529 quoque
2027 1463 2141 1529 qui-

218 1536 444 1586 busdam
484 1536 694 1586 indiciis
729 1536 884 1586 facile
918 1535 1079 1585 dabat
1120 1534 1368 1600 intelligi,
1405 1534 1547 1584 intra
1582 1552 1677 1584 sua
1714 1534 1945 1584 claustra
1977 1534 2143 1585 loculi

218 1608 435 1658 alterius
463 1607 763 1674 depositum
789 1606 1068 1657 contineri.
1147 1605 1250 1655 Sed
1278 1605 1417 1655 hanc
1444 1605 1645 1671 aperire
1681 1623 1803 1655 cum
1833 1606 1927 1655 diu
1951 1605 2142 1657 timore

216 1679 538 1745 impediente
559 1679 884 1740 dubitarent,
913 1677 1377 1744 supra-nominato
1398 1677 1580 1727 Priore
1596 1677 1677 1727 bis
1700 1682 1885 1743 terque
1899 1677 2142 1744 jubente,

217 1751 402 1801 confisi
427 1750 741 1801 obedientiae
766 1750 982 1812 virtute,
1009 1749 1284 1815 inceptum
1310 1765 1439 1815 opus
1467 1754 1735 1814 repetunt,
1765 1766 1841 1810 ac,
1869 1749 2143 1799 dissolutis

217 1822 401 1873 ferreis
428 1822 789 1889 ligaminibus,
818 1839 993 1872 arcam
1029 1820 1345 1887 quandoque
1377 1820 1638 1887 aperiunt.
1715 1820 1917 1870 Vident
1943 1820 2139 1870 intror-

220 1912 307 1944 sus
349 1894 582 1961 positum
616 1894 852 1944 loculum
892 1893 956 1943 de
994 1892 1160 1958 ligno,
1201 1910 1360 1959 quem
1401 1892 1631 1958 grossior
1668 1891 1732 1941 de
1771 1891 1882 1942 lino
1922 1892 2144 1959 triplicis

215 1971 440 2017 texturae
481 1984 689 2033 pannus
731 1965 967 2032 undique
1009 1964 1446 2025 circumdederat,
1484 1963 1549 2014 ad
1585 1981 1890 2014 mensuram
1926 1970 2144 2015 staturae

216 2037 383 2087 virilis
416 2038 657 2104 longum,
698 2037 1041 2104 ejusdemque
1080 2035 1289 2102 generis
1323 2035 1508 2086 tabula
1548 2043 1874 2102 coopertum.
1955 2036 2141 2087 Haere-

217 2108 349 2160 bant
383 2110 476 2160 diu
494 2131 505 2171 ;
539 2127 648 2160 non
675 2109 819 2160 enim
846 2109 972 2159 satis
1010 2107 1253 2158 elucebat
1287 2113 1473 2157 utrum
1507 2107 1683 2174 ipsum
1711 2106 1883 2157 sancti
1911 2108 2142 2173 corporis

216 2180 510 2248 hospitium
550 2187 702 2243 esset,
740 2199 808 2231 an
849 2186 902 2231 et
944 2179 1088 2230 aliud
1130 2179 1304 2229 adhuc
1349 2196 1522 2229 sacras
1568 2178 1845 2229 continens
1891 2178 2141 2245 reliquias

215 2252 358 2302 intra
383 2271 437 2303 se
463 2253 793 2303 domicilium
820 2251 1133 2302 contineret.
1211 2250 1449 2300 Tandem
1475 2250 1532 2299 in
1559 2268 1613 2300 se
1639 2249 1851 2311 reversi,
1879 2268 2139 2300 memores

215 2324 482 2375 dictorum
509 2324 686 2386 Bedae,
714 2323 806 2390 qui
832 2341 1020 2389 corpus
1046 2321 1192 2373 beati
1220 2321 1504 2373 Cuthberti
1530 2340 1560 2371 a
1589 2321 1842 2371 fratribus
1870 2321 2140 2387 quondam

216 2395 664 2446 Lindisfarnensis
709 2394 943 2445 ecclesiae
987 2400 1106 2460 post
1144 2393 1194 2460 xj
1244 2392 1528 2460 sepulturae
1563 2410 1729 2443 annos
1768 2392 2140 2459 incorruptum

213 2467 511 2529 inventum,
552 2473 708 2533 atque
750 2484 909 2533 supra
948 2465 1311 2532 pavimentum
1352 2464 1526 2530 dignae
1566 2464 1920 2515 venerationis
1967 2465 2140 2530 gratia

213 2539 550 2589 reconditum
575 2538 826 2589 describit
842 2547 883 2600 3⁷¹
917 2537 1127 2598 horum,
1155 2536 1391 2602 inquam,
1424 2535 1691 2585 dictorum
1715 2535 2136 2599 reminiscentes,

213 2610 351 2661 hanc
402 2611 625 2661 eandem
676 2627 788 2660 esse
833 2626 1010 2659 arcam
1052 2608 1498 2669 animadvertunt,
1546 2625 1663 2674 quae
1704 2625 1797 2674 per
1839 2613 1923 2657 tot
1968 2626 2134 2658 annos

214 2688 431 2732 tantum
457 2681 683 2733 caelestis
708 2680 934 2748 depositi
959 2681 1274 2730 thesaurum
1300 2685 1678 2729 conservasset.

321 2754 529 2804 Pariter
554 2771 678 2820 ergo
700 2758 1005 2803 corruentes
1030 2752 1086 2802 in
1105 2758 1321 2813 terram,
1350 2750 1573 2801 orabant
1600 2750 1925 2817 suppliciter,
1952 2757 2014 2801 ut
2042 2769 2137 2802 sua

211 2825 399 2876 beatus
444 2825 774 2876 Cuthbertus
816 2823 1195 2875 intercessione
1244 2823 1379 2873 iram
1423 2841 1453 2872 a
1493 2840 1547 2872 se
1590 2823 1989 2889 Omnipotentis
2033 2822 2138 2873 Dei

213 2903 492 2959 averteret,
545 2897 589 2948 si
637 2897 776 2947 hanc
827 2896 1163 2962 aliquatenus
1214 2912 1274 2945 ex
1324 2894 1739 2961 praesumptione
1798 2895 2134 2946 meruissent.

214 2969 398 3019 Inerat
435 2969 510 3019 eis
551 2968 807 3035 gaudium
852 2967 1061 3017 mixtim
1102 2984 1225 3016 cum
1265 2984 1474 3033 pavore,
1518 2966 1642 3032 quia
1675 2966 1773 3016 etsi
1816 2984 1880 3017 ex
1915 2966 2136 3017 audacia

212 3040 519 3091 timuissent
563 3040 837 3102 offensam,
884 3057 948 3090 ex
989 3038 1309 3089 certitudine
1359 3044 1540 3088 tamen
1582 3038 1723 3087 tanti
1766 3038 2004 3089 muneris
2053 3038 2133 3087 in-

214 3119 428 3179 gentem
480 3118 832 3178 conceperant
880 3110 1141 3162 laetitiam.
1236 3112 1448 3176 Agente
1497 3109 1678 3176 itaque
1728 3109 1922 3175 gaudio
1972 3110 2133 3160 resol-

212 3190 410 3234 vuntur
435 3184 492 3233 in
518 3184 778 3245 lacrimas,
813 3188 882 3244 et,
920 3182 1212 3249 gratiarum
1241 3181 1448 3231 actione
1475 3180 1709 3231 Domino
1734 3181 1958 3242 reddita,
1994 3181 2131 3231 desi-

211 3255 357 3305 derio
384 3272 478 3305 suo
506 3255 838 3305 satisfactum
862 3253 1201 3321 reputabant.
1280 3252 1440 3303 Unde
1480 3252 1546 3302 ad
1582 3252 1696 3318 ipsa
1731 3252 1866 3302 sacri
1898 3252 2130 3318 corporis

215 3332 418 3376 secreta
456 3326 613 3376 altius
647 3325 1030 3392 perscrutanda
1066 3343 1256 3375 manus
1294 3324 1573 3374 admovere
1603 3323 1882 3374 videbatur
1916 3324 2131 3373 temeri-

213 3397 358 3458 tatis,
400 3415 577 3463 quam,
612 3404 674 3446 ut
709 3397 990 3463 putabant,
1028 3401 1275 3446 secutura
1306 3395 1579 3447 Divinitus
1617 3395 1752 3445 ultio
1787 3394 1936 3444 nullo
1978 3394 2133 3444 modo

211 3469 535 3535 relinqueret
560 3468 895 3534 impunitam.
973 3467 1218 3518 Remissa
1244 3485 1369 3533 ergo
1396 3466 1695 3517 intentione
1730 3465 1953 3515 ulterius
1985 3465 2131 3531 quic-

214 3558 372 3605 quam
413 3538 769 3607 perquirendi,
815 3539 1119 3589 tractabant
1163 3539 1415 3600 vicissim,
1458 3556 1561 3604 quo
1606 3544 1659 3587 et
1698 3555 1856 3602 quam
1899 3553 2133 3601 congruo

625 3702 641 3719 ’¹
675 3695 750 3735 See
771 3695 922 3734 Beda’s
944 3694 1036 3734 Life
1059 3694 1104 3733 of
1131 3694 1171 3734 S.
1194 3694 1418 3741 Cuthbert,
1453 3692 1625 3742 chapter
1645 3690 1731 3730 xlii.
