2384 4126
280 353 384 404 166
867 371 1126 405 H1sr0R1A
1166 370 1624 404 TRANSLATIONUM

276 496 491 560 lucrari,
532 497 716 549 sedulo
756 498 1093 565 corripiebat,
1135 504 1295 565 atque
1335 497 1399 549 de
1435 516 1544 549 suae
1570 496 1815 564 profectu
1841 495 2033 546 animae
2060 512 2203 545 com-

278 568 550 633 monebat,
579 570 780 633 dicens,
810 572 1087 621 “Tantum
1109 588 1287 637 quaeso
1308 570 1594 637 pertinacis
1618 568 1783 619 animi
1802 568 2034 635 deponas
2062 567 2204 634 rigo-

281 645 315 667 “
335 659 466 704 rem,
507 648 667 710 atque
703 643 948 693 abdicato
976 643 1282 694 daemonum
1310 642 1460 693 cultu
1485 649 1642 693 tuum
1667 658 2015 707 recognoscas
2044 640 2205 691 Crea-

279 717 313 739 “
334 719 506 764 torem
524 736 537 777 3
572 733 782 765 necnon
809 721 861 766 et
887 714 954 765 ab
980 715 1170 766 illicita
1195 733 1374 765 rerum
1394 715 1702 782 pervasione
1722 712 2207 764 ecclesiasticarum

280 786 444 854 “jam
471 792 525 837 te
552 787 799 838 cohibere
825 805 935 838 non
959 805 1171 838 renuas.
1248 787 1395 837 Nam
1431 787 1476 836 si
1509 786 1717 838 monita
1755 803 1875 836 mea
1913 784 2027 835 haec
2062 801 2205 851 sper-

281 862 315 884 “
336 858 514 909 nenda
542 877 655 910 esse
681 859 967 926 putaveris,
998 858 1394 910 sanctissimum
1421 859 1524 909 Dei
1551 858 1908 909 confessorem
1935 875 2057 907 suas
2085 873 2206 906 suo-

281 933 313 956 “
337 948 562 997 rumque
588 931 830 999 injurias,
863 950 956 998 per
981 937 1034 982 te
1062 932 1260 982 totiens
1286 931 1566 997 irrogatas,
1607 931 1713 982 cito
1741 947 1801 980 ac
1829 929 2061 996 graviter
2091 928 2206 978 vin-

282 1006 317 1029 “
337 1002 644 1053 dicaturum
686 1022 799 1054 esse
842 1021 949 1053 non
991 1003 1261 1054 dubites.''

281 1081 501 1141 apparet
526 1075 694 1137 vivuS,
735 1075 945 1126 occulto
972 1081 1157 1126 tamen
1183 1075 1286 1126 Dei
1307 1075 1511 1142 judicio
1540 1075 1654 1143 jam
1684 1079 1948 1136 mortum,
1987 1073 2053 1124 de
2093 1090 2206 1123 cor-

280 1147 537 1213 reptionis
565 1147 726 1198 verbo
754 1153 1020 1214 quantum
1045 1153 1257 1214 poterat
1284 1147 1570 1207 meliorari,
1592 1153 1807 1197 tantum
1825 1144 1952 1196 inde
1977 1150 2210 1212 coeperat

280 1218 609 1269 deteriorari.
687 1220 834 1270 Dum
862 1219 1005 1269 enim
1038 1219 1152 1270 haec
1179 1225 1232 1270 et
1258 1219 1571 1287 hujusmodi
1598 1219 1663 1270 ab
1689 1218 1936 1286 episcopo
1962 1217 2210 1284 frequen-

279 1290 388 1340 tius
415 1291 668 1352 audisset,
690 1291 945 1359 improbae
966 1292 1164 1343 mentis
1184 1291 1325 1342 furia
1345 1291 1654 1358 instigatus,
1676 1290 1954 1342 ecclesiam
1976 1289 2060 1340 die
2080 1308 2208 1357 qua-

280 1362 404 1413 dam
424 1362 742 1430 ingreditur,
760 1370 831 1426 ct,
850 1363 1098 1431 episcopo
1119 1382 1242 1415 cum
1261 1369 1378 1414 tota
1398 1363 1812 1431 congregatione
1834 1380 2012 1413 coram
2034 1367 2211 1413 stante

279 1442 438 1502 atque
461 1435 730 1498 audiente,
761 1437 1146 1488 contumeliose
1166 1437 1502 1504 proclamans
1522 1436 1581 1486 in
1600 1436 1715 1487 haec
1735 1435 1895 1486 verba
1915 1434 2208 1485 extollitur.

279 1513 312 1535 “
340 1507 485 1561 Quid
502 1508 664 1576 hujus
684 1508 918 1560 hominis
939 1509 1139 1560 mortui
1157 1509 1331 1559 minas
1346 1508 1481 1559 mihi
1502 1508 1741 1576 quotidie
1761 1507 2035 1575 objicitis?
2065 1506 2212 1559 Quid

279 1584 313 1608 “
335 1580 536 1647 putatis
565 1587 754 1632 contra
778 1600 865 1633 me
886 1582 1033 1633 vobis
1055 1581 1254 1632 valebit
1272 1581 1440 1649 ipsius
1459 1581 1518 1631 in
1539 1598 1644 1648 quo
1666 1580 1890 1648 speratis
1911 1579 2210 1630 auxilium?

279 1656 313 1680 “
336 1653 576 1704 Deorum
614 1672 858 1705 meorum
898 1654 1342 1737 omnipotentiam
1390 1659 1676 1716 contestoi,
1728 1653 2070 1720 ipsorumque
2119 1670 2214 1719 per

280 1725 689 1777 ‘excellentem
726 1727 952 1794 gloriam
983 1727 1125 1807 juro,
1171 1725 1312 1794 quod
1347 1732 1460 1777 tam
1494 1725 1596 1794 ipsi
1631 1732 1846 1776 mortuo
1873 1743 2035 1791 quam
2060 1724 2211 1775 vobis

335 1797 583 1848 omnibus
612 1798 902 1866 deinceps
888 1798 1292 1850 inimicissimus
1320 1816 1427 1861 cro,
1455 1804 1516 1848 ut
1544 1816 1609 1849 ex
1633 1797 1736 1849 hoc
1764 1803 1945 1865 aperte
1974 1796 2208 1858 discatis,

279 1873 496 1936 “quam
534 1870 672 1920 nihil
707 1877 800 1921 aut
838 1871 948 1939 ipse
976 1877 1067 1922 aut
1093 1889 1186 1922 vos
1216 1870 1351 1921 mihi
1375 1870 1622 1922 resistere
1648 1870 1885 1921 valeatis.
1890 1869 1925 1892 ’²
2001 1870 2091 1932 Et,
2128 1868 2213 1919 his

280 1941 454 2005 dictis,
484 1960 607 1993 cum
634 1943 880 1995 maximae
909 1943 1298 2011 indignationis
1334 1943 1640 2010 arrogantia
1673 1943 1865 2010 pedem
1901 1948 1960 1992 ut
1992 1941 2209 2009 egrede-

278 2020 427 2065 retur
466 2015 674 2066 avertit.
752 2016 829 2067 At
869 2016 1147 2083 episcopus
1187 2033 1477 2082 omnesque
1514 2015 1675 2065 simul
1708 2015 1898 2066 fratres
1926 2014 1984 2064 in
2009 2020 2211 2065 terram

279 2104 404 2137 mox
430 2088 703 2154 prostrati,
746 2107 775 2139 a
801 2089 918 2139 Deo
945 2095 998 2139 et
1026 2094 1211 2139 sancto
1239 2088 1553 2139 Confessore
1589 2087 1842 2155 superbas
1867 2086 2012 2137 illius
2040 2086 2213 2137 minas

282 2159 550 2209 annullari
569 2160 805 2211 multum
826 2161 1161 2228 suspirando,
1190 2167 1243 2211 et
1263 2160 1500 2211 ubertim
1518 2159 1850 2210 lacrimando
1876 2158 2209 2226 flagitabant.

283 2233 316 2281 J
322 2250 407 2282 am
449 2232 611 2283 miser
650 2232 742 2284 ille
782 2233 848 2283 ad
894 2233 1092 2284 ostium
1129 2238 1364 2295 venerat,
1405 2232 1520 2300 jam
1566 2232 1795 2283 alterum
1839 2232 1983 2282 intra
2025 2231 2211 2294 limen,

283 2304 514 2355 alterum
541 2310 692 2355 extra
717 2305 909 2373 pedem
936 2311 1204 2373 posuerat,
1229 2310 1283 2356 et
1304 2304 1381 2355 ibi
1407 2311 1667 2372 tanquam
1695 2304 1857 2356 clavis
1884 2322 1978 2371 per
2001 2310 2211 2354 utrum-

283 2395 386 2443 que
412 2376 601 2444 pedem
629 2378 869 2428 confixus
895 2396 995 2429 nec
1030 2377 1211 2445 egredi
1248 2395 1348 2428 nec
1379 2377 1589 2444 regredi
1619 2377 1849 2440 valebat,
1890 2376 1983 2427 sed
2020 2376 2211 2427 immo-

281 2448 407 2499 bilis
452 2467 669 2516 prorsus
713 2450 791 2501 ibi
834 2450 1091 2502 haerebat.
1187 2450 1365 2517 Coepit
1409 2468 1619 2517 quoque
1664 2467 1786 2500 mox
1827 2449 2116 2516 pallescere
2162 2455 2215 2499 et

284 2522 713 2585 contremiscere,
754 2523 1026 2590 oculisque
1063 2522 1370 2589 sanguineis
1399 2528 1452 2573 et
1477 2522 1643 2572 torvis
1671 2521 2094 2588 circumspicere,
2137 2527 2214 2571 at-

284 2611 386 2660 que
414 2594 634 2645 diversis
661 2595 1026 2646 membrorum
1061 2595 1298 2646 motibus
1325 2594 1564 2646 dolorem
1591 2612 1749 2662 quem
1775 2594 1925 2644 intus
1950 2593 2212 2660 perpetie-

282 2666 443 2716 batur
468 2666 609 2717 foras
636 2667 933 2719 ostendere.
1012 2668 1124 2718 Ubi
1151 2673 1350 2731 autem,
1373 2673 1725 2718 concurrente
1753 2672 1913 2733 atque
1941 2671 2217 2733 spectante

284 2738 481 2805 populo
512 2738 894 2791 innumerabili
927 2746 1040 2790 tam
1068 2758 1287 2790 suorum
1323 2758 1484 2807 quam
1516 2739 1965 2800 Christianorum,
1994 2738 2070 2788 ita
2097 2737 2213 2788 diu-

286 2809 395 2860 tius
420 2811 789 2877 torquebatur,
811 2812 1027 2864 tandem
1056 2811 1385 2863 horribiliter
1406 2812 1726 2874 exclamans,
1752 2810 2045 2862 beatissimi
2073 2810 2215 2861 Con-

286 2882 500 2933 fessoris
544 2884 888 2935 sanctitatem
932 2884 1111 2951 palam
1153 2883 1526 2946 confitebatur,
1572 2883 1751 2950 sicque
1796 2882 2017 2949 impiam
2063 2900 2215 2932 suam

289 2954 525 3005 animam
558 2955 743 3006 eodem
778 2956 833 3005 in
869 2956 987 3007 1080
1025 2955 1246 3007 reddere
1285 2955 1722 3023 compellebatur.
1802 2954 1907 3005 Sed
1945 2954 2060 3005 haec
2100 2972 2217 3005 sera

289 3026 453 3093 ipsius
505 3027 785 3090 confessio,
832 3028 1072 3094 quamvis
1119 3028 1334 3079 sibimet
1378 3027 1598 3078 omnino
1635 3027 1712 3076 nil
1761 3026 2053 3093 prodesset,
2100 3026 2218 3077 aliis

292 3106 491 3161 tamen,
517 3098 648 3166 ipsis
675 3100 836 3150 etiam
860 3100 1109 3167 Paganis,
1136 3099 1429 3167 plurimum
1457 3099 1690 3166 profuit,
1722 3098 1830 3166 qui,
1852 3098 1954 3149 hoc
1975 3098 2217 3166 exemplo

294 3170 588 3233 conterriti,
642 3189 815 3238 neque
852 3177 1023 3222 terras
1063 3189 1236 3239 neque
1282 3171 1426 3222 aliud
1472 3171 1599 3238 quid
1638 3171 1781 3238 quod
1820 3170 2056 3222 ecclesiae
2095 3171 2216 3238 jure

296 3242 650 3310 competebat,
679 3244 1054 3311 quoquomodo
1080 3243 1304 3295 ulterius
1331 3243 1616 3311 pervadere
1643 3243 2056 3311 praesumebant.

1356 1004 1433 1053 At
1469 1002 1578 1066 ille,
1620 1002 1861 1069 quamvis
1902 1000 2210 1051 hominibus
2283 1066 2288 1072 1
