2384 4126
303 381 407 431 152
556 397 813 431 HISTORIA
853 398 922 431 Dr:
964 397 1004 430 s.
1048 397 1374 432 CUTHBERTO
1411 397 1656 432 AUCTORE
1697 398 1981 433 ANoNYMO.

301 523 578 590 Ingeltun,
606 524 887 575 Thiccelea
921 530 974 575 et
1000 524 1356 575 Middeltun.1⁰
1433 523 1693 592 Quisquis
1735 525 1937 593 aliquid
1972 525 2037 577 de
2078 525 2158 575 his
2196 544 2225 575 a

305 595 502 646 Sancto
530 595 829 647 Cuthberto
857 596 1125 660 averterit,
1156 601 1428 647 avertatur
1452 597 1599 647 Deus
1629 597 1694 647 ab
1721 596 1830 648 illo.
1909 598 2051 649 Item
2078 597 2224 648 Cnut

299 684 393 717 rex
418 667 565 718 dedit
594 668 792 719 Sancto
820 667 1120 720 Cuthberto
1154 675 1396 736 tempore
1430 669 1737 719 Eadmundi
1771 669 2005 737 episcopi
2031 671 2221 720 Brom-

300 743 402 788 tun
429 756 553 790 011111
581 758 703 791 8000
734 745 788 791 et
814 757 991 791 socna.

412 811 534 862 Hoc
561 818 641 863 est
667 812 772 863 Dei
798 818 852 863 et
888 812 1075 863 Sancti
1106 811 1394 863 Cuthberti
1427 811 1767 863 miraculumq
1792 813 1945 864 valde
1981 813 2220 864 animad-

298 883 616 935 vertendum
641 889 694 934 et
720 884 1194 950 magnificandum,
1222 884 1366 951 quod
1400 884 1685 952 aliquando
1715 885 1887 935 Scotti
1913 903 2036 936 cum
2061 885 2220 935 innu-

299 954 544 1005 merabili
592 955 944 1007 multitudine
987 955 1216 1006 Tuidam
1259 955 1481 1006 fluvium
1524 956 1874 1019 transierunt,
1926 963 1979 1008 et
2022 962 2223 1008 terram

301 1026 486 1077 Sancti
527 1026 816 1078 Cuthberti
848 1032 1211 1088 vastaverunt,
1250 1033 1303 1078 et
1339 1027 1777 1079 Lindisfarnense
1816 1029 2219 1092 monasterium,

296 1115 575 1165 nunquam
601 1098 750 1165 prius
783 1098 1059 1161 violatum,
1102 1098 1481 1165 spoliaverunt.
1559 1099 1683 1151 Quo
1716 1100 1915 1163 audito,
1944 1100 2221 1152 Guthreth

297 1187 390 1220 rex
417 1187 510 1236 pro
537 1169 775 1220 vindicta
801 1170 974 1221 sancti
1008 1169 1343 1221 Confessoris
1376 1170 1505 1221 illuc
1539 1188 1700 1237 parva
1735 1171 2023 1222 admodum
2057 1191 2224 1223 manu

299 1241 617 1308 properavit,
661 1241 842 1308 eisque
878 1242 993 1310 jam
1035 1247 1273 1293 extrema
1312 1248 1461 1309 parte
1502 1241 1606 1293 diei
1643 1242 1701 1292 in
1737 1243 1856 1294 loco
1895 1244 1988 1310 qui
2025 1244 2223 1295 dicitur

298 1312 762 1380 Mundingedener
796 1314 1044 1365 occurrit.
1122 1315 1195 1365 Et
1244 1313 1364 1365 ideo
1405 1313 1608 1365 bellum
1648 1333 1758 1365 non
1802 1320 1883 1366 est
1927 1315 2219 1382 inceptum.

296 1384 474 1436 Nocte
499 1402 625 1436 vero
660 1385 946 1436 subsecuta
988 1403 1111 1437 cum
1144 1403 1237 1436 rex
1264 1385 1514 1437 Guthred
1547 1386 1779 1437 multum
1820 1387 2134 1455 perterritus
2170 1394 2223 1440 et

298 1456 544 1507 anxiatus
586 1475 648 1508 eo
693 1457 833 1525 quod
874 1457 986 1525 ipse
1030 1457 1423 1525 parvissimum,
1468 1458 1651 1510 hostes
1696 1475 1836 1522 vero,
1879 1459 1972 1526 qui
2008 1460 2123 1528 jam
2166 1461 2224 1511 in

297 1528 546 1580 manibus
569 1536 740 1593 erant,
762 1530 1060 1581 maximum
1078 1530 1340 1581 haberent
1357 1530 1667 1594 exercitum,
1691 1536 1743 1582 et
1771 1531 1845 1582 sic
1864 1549 1964 1582 nec
1983 1550 2224 1599 pugnare

295 1618 394 1652 nec
428 1607 607 1668 posset
647 1601 852 1668 fugere,
886 1619 993 1669 prae
1030 1601 1197 1652 nimia
1236 1608 1289 1653 et
1325 1602 1468 1653 varia
1506 1620 1633 1654 cura
1666 1602 2038 1667 obdormisset,
2067 1604 2219 1656 ecce!

296 1673 451 1724 miles
478 1673 684 1724 Christi
711 1674 1039 1725 Cuthbertus
1069 1674 1117 1725 ei
1150 1674 1434 1726 manifeste
1477 1674 1722 1742 apparuit
1758 1681 1810 1726 et
1845 1675 2006 1726 nimis
2041 1676 2220 1727 exani-

295 1750 504 1795 matum
539 1745 623 1795 his
650 1745 825 1797 verbis
861 1746 1133 1797 animavit.
1213 1746 1353 1797 “Ne
1387 1747 1634 1808 timeas‚''
1674 1747 1870 1814 inquit,
1908 1748 2086 1815 “quia
2124 1766 2223 1815 ego

298 1820 530 1868 “tecum
558 1836 694 1880 sum,
721 1835 896 1885 neque
931 1818 1139 1869 diffidas
1164 1817 1425 1884 paucitati
1457 1818 1710 1881 militum,
1745 1819 1870 1886 quia
1903 1819 2083 1871 hostes
2117 1821 2225 1872 mei

299 1892 333 1916 “
356 1888 530 1940 adhuc
555 1889 662 1940 vivi
681 1890 796 1957 jam
824 1907 1001 1940 coram
1029 1891 1147 1941 Deo
1182 1896 1308 1940 sunt
1339 1890 1556 1953 mortui,
1584 1907 1684 1941 nec
1718 1896 1970 1957 poterunt
2005 1892 2122 1955 tibi,
2139 1911 2222 1944 re-

299 1964 334 1987 “
355 1960 543 2012 sistere
572 1961 664 2028 qui
689 1979 877 2028 pacem
903 1961 1007 2013 Dei
1033 1967 1087 2013 et
1112 1980 1290 2013 meam
1316 1979 1426 2013 non
1450 1962 1751 2013 timuerunt
1777 1963 1991 2014 violare.
2059 1964 2224 2015 Facto

299 2036 333 2059 “
351 2051 526 2097 mane,
564 2051 722 2100 surge
753 2033 1022 2096 velociter,
1055 2033 1197 2085 irrue
1235 2033 1293 2083 in
1332 2051 1420 2084 eos
1458 2033 1803 2097 confidenter,
1843 2035 1968 2102 quia
2004 2053 2129 2086 mox
2166 2036 2224 2086 in

299 2108 334 2131 “
355 2104 529 2172 primo
550 2105 804 2156 conflictu
827 2111 972 2156 terra
998 2105 1265 2172 aperietur
1291 2111 1343 2157 et
1362 2105 1508 2156 vivos
1535 2106 1593 2156 in
1617 2105 1890 2157 infernum
1917 2107 2222 2158 demittet.’'

301 2176 404 2227 His
440 2176 599 2227 dictis
642 2177 915 2240 abscessit,
951 2195 1045 2228 rex
1069 2195 1194 2228 vero
1236 2177 1523 2244 evigilavit.
1600 2177 1841 2229 Exiliens
1867 2178 2049 2246 itaque
2077 2198 2223 2231 exer-

299 2248 467 2299 citum
496 2249 825 2312 convocavit,
853 2249 1035 2300 omnia
1060 2249 1176 2300 haec
1202 2249 1451 2300 omnibus
1478 2249 1689 2317 publice
1714 2251 1968 2314 narravit,
1997 2269 2224 2319 moxque

296 2320 439 2371 facto
464 2339 622 2372 mane
647 2320 705 2371 in
733 2320 911 2372 hostes
938 2321 1095 2372 irruit
1112 2342 1127 2383 ,·
1158 2321 1266 2384 sed,
1294 2321 1589 2373 secundum
1614 2321 1715 2372 viri
1740 2322 1844 2373 Dei
1868 2322 2109 2387 verbum,
2138 2342 2227 2375 eos

298 2410 422 2443 mox
459 2392 517 2443 in
550 2392 725 2460 primo
765 2393 1018 2444 conflictu
1052 2392 1212 2456 vivos,
1253 2397 1397 2444 terra
1437 2393 1746 2445 dehiscente
1789 2394 2083 2462 absorptOS,
2115 2413 2226 2446 non

297 2464 521 2528 invenit,
542 2470 798 2516 renovato
813 2465 891 2516 ibi
911 2465 1231 2516 mirabiliter
1252 2465 1473 2533 antiquo
1494 2465 1770 2528 miracuIO,
1793 2467 2006 2534 quando
2022 2468 2227 2533 Aperta

297 2542 375 2587 est
413 2542 559 2588 terra
593 2542 644 2588 et
676 2538 951 2605 deylutivit
985 2539 1223 2600 Dathan,
1256 2544 1306 2589 et
1345 2539 1548 2605 operuit
1585 2556 1742 2605 super
1780 2540 2226 2608 conyreyatz'onem

302 2609 557 2676 Abyron.⁸

377 2750 401 2776 Ρ
432 2742 673 2795 Staindrop,
695 2743 893 2795 Shotton,
912 2744 1050 2796 Raby,
1070 2743 1354 2786 Wackerfield
1373 2744 1458 2785 and
1477 2744 1679 2797 Ingleton
1698 2746 1745 2786 in
1765 2745 1993 2799 Staindrop
2011 2746 2167 2799 parish,
2187 2761 2231 2790 as

300 2797 386 2839 also
405 2797 441 2838 is
461 2799 486 2817 “
504 2797 774 2850 Cnapatun‚”
803 2800 942 2840 which
962 2799 1243 2840 Hutchinson
1263 2800 1473 2840 identifies
1493 2801 1596 2841 with
1617 2801 1879 2852 Snotterton,
1907 2815 1954 2842 or
1973 2802 2112 2843 which
2132 2817 2232 2857 may

301 2854 354 2893 be
374 2852 628 2898 Keverston.
687 2853 777 2894 'Phe
800 2853 1040 2895 remainder
1065 2867 1136 2895 are
1161 2854 1208 2894 in
1228 2854 1457 2895 Auckland
1485 2855 1642 2906 parish,
1670 2855 1777 2897 viz.:
1807 2856 2049 2908 Auckland‚
2074 2858 2229 2909 Eldon,

303 2907 523 2959 Thickley,
552 2907 808 2958 Middleton,
835 2908 1162 2961 Lutteringt0n‚
1191 2910 1275 2949 and
1309 2909 1562 2950 Evenwood.
1621 2910 1712 2951 The
1743 2913 1827 2951 two
1860 2912 1941 2951 last
1973 2924 2043 2952 are
2072 2912 2119 2952 in
2156 2914 2230 2955 the

303 2962 504 3014 chapelry
524 2962 570 3002 of
594 2962 654 3003 St.
676 2962 865 3005 Helen'S.
923 2964 1154 3015 Bromtun,
1185 2963 1326 3004 which
1354 2977 1501 3005 occurs
1526 2966 1610 3005 two
1628 2965 1736 3006 lines
1753 2966 1893 3016 lower,
1923 2966 1959 3006 is
1978 2967 2230 3020 Brompton,

305 3030 407 3058 near
425 3017 765 3060 Northallerton.

389 3079 405 3104 51
436 3071 563 3111 Until
588 3072 663 3119 the
689 3072 906 3124 discovery
926 3072 972 3112 of
995 3072 1069 3113 the
1089 3071 1295 3113 Bodleian
1315 3072 1424 3123 MS„
1454 3073 1528 3114 the
1544 3073 1782 3114 Translatio
1800 3073 2030 3116 Outhberti
2049 3089 2132 3117 was
2151 3090 2231 3118 our

303 3126 472 3168 earliest
491 3126 715 3179 authority
732 3127 798 3167 for
816 3127 903 3167 this
920 3127 1105 3168 miracle.
1165 3127 1255 3167 The
1277 3127 1368 3168 MS.
1389 3127 1435 3167 in
1456 3128 1650 3180 question
1680 3129 1833 3170 carries
1862 3143 1910 3169 us
1933 3131 2038 3171 back
2059 3134 2103 3171 at
2125 3132 2232 3173 least

306 3195 387 3222 one
417 3181 614 3221 hundred
643 3193 778 3233 years,
808 3182 919 3222 from
948 3182 1023 3222 the
1053 3182 1219 3227 twelfth
1248 3184 1431 3235 century
1450 3185 1495 3223 to
1520 3184 1595 3223 the
1615 3184 1823 3225 eleventh.
1883 3185 1973 3225 The
1992 3187 2136 3227 writer
2154 3188 2230 3228 has

306 3237 433 3277 fallen
466 3236 560 3276 into
592 3249 617 3275 a
650 3237 820 3287 strange
849 3236 1042 3286 mistake‚
1079 3236 1126 3276 in
1160 3237 1399 3289 describing
1431 3238 1505 3278 the
1538 3241 1780 3291 monastery
1814 3240 1859 3279 of
1883 3239 2153 3282 Lindisfarne
2188 3256 2231 3283 as

300 3291 507 3332 inviolate
525 3291 573 3331 in
591 3290 665 3331 the
684 3291 806 3343 reign
832 3291 879 3331 of
904 3291 1113 3332 Guthred.
1172 3291 1217 3331 It
1236 3305 1319 3332 was
1339 3292 1561 3344 destroyed
1589 3294 1673 3333 and
1699 3295 1946 3335 abandoned
1966 3309 2090 3336 seven
2110 3310 2232 3349 years

306 3347 449 3387 before
474 3346 540 3386 his
574 3345 796 3395 accession,
826 3346 910 3385 and
937 3346 1025 3386 this
1059 3359 1141 3386 was
1169 3347 1243 3386 the
1269 3347 1427 3389 ‚second
1455 3347 1659 3388 violation
1685 3349 1825 3389 which
1855 3350 1891 3390 it
1920 3350 2003 3391 had
2036 3353 2229 3394 suffered.

308 3401 493 3454 Symeon
523 3401 737 3441 mentions
769 3401 844 3441 the
872 3400 1056 3450 miracle‚
1086 3402 1166 3441 but
1192 3402 1322 3443 refers
1350 3402 1416 3442 for
1443 3402 1695 3453 particulars
1714 3406 1759 3444 to
1778 3417 1803 3444 a
1821 3405 1975 3445 known
1997 3407 2230 3460 authority,
2290 3456 2292 3459 ζ

307 3457 445 3498 either
463 3456 538 3497 the
557 3457 728 3507 present
747 3456 863 3495 work
883 3469 931 3496 or
946 3456 1020 3496 the
1040 3456 1277 3497 Translatio
1298 3456 1442 3500 Sancti
1461 3457 1704 3499 Cuthberti.

391 3519 405 3536 r
435 3511 491 3551 In
521 3511 701 3551 another
725 3510 835 3561 MS„
862 3511 970 3551 from
989 3511 1129 3551 which
1150 3511 1311 3552 Leland
1330 3512 1405 3552 has
1425 3513 1545 3555 made
1565 3515 1748 3554 extracts
1770 3513 2066 3566 (Collectanea‚
2087 3516 2166 3557 vol.
2188 3516 2230 3563 i.‚

307 3580 347 3618 p.
369 3568 485 3616 329),
506 3565 834 3618 Mundingdene
853 3565 888 3605 is
908 3566 995 3606 said
1015 3567 1060 3606 to
1079 3567 1130 3606 be
1150 3579 1229 3607 one
1248 3567 1348 3607 mile
1368 3567 1495 3607 south
1515 3568 1562 3608 of
1586 3568 1794 3610 Norham.
1853 3569 1930 3611 See
1959 3571 2033 3612 the
2052 3575 2232 3612 account

307 3622 354 3662 of
379 3621 465 3661 this
484 3621 654 3662 miracle
673 3621 718 3660 in
740 3621 811 3662 the
832 3620 1067 3667 ΤΙ-0118101310
1088 3621 1315 3662 Outhberti
1336 3621 1383 3662 in
1403 3622 1476 3667 the
1495 3626 1665 3674 present
1684 3624 1865 3666 volume.

390 3683 402 3701 ⁸
431 3676 574 3717 Psalm
593 3675 673 3718 cvi,
695 3675 760 3718 17.
1495 3676 1498 3678 ’
