2384 4126
337 336 408 384 84
952 350 1227 384 SYMEoNIS
1268 349 1659 383 DUNELMENsls

337 477 491 543 regni
518 477 601 527 sui
637 494 795 528 anno.
873 477 949 527 At
987 477 1068 528 illi
1108 495 1292 528 omnes
1335 477 1392 527 in
1430 495 1595 527 unam
1631 476 1804 528 coacti
1830 477 2170 541 sententiam,
2198 496 2266 529 ne

338 549 651 616 alienigenae
691 549 932 600 dominio
978 549 1352 612 subderentur,
1394 555 1720 612 statuerunt,
1762 556 1854 600 aut
1899 550 2055 599 illum
2098 550 2265 601 inter-

337 622 511 684 ficere,
553 628 646 672 aut
686 621 790 688 ipsi
831 622 993 671 simul
1025 640 1209 672 omnes
1249 622 1306 671 in
1343 639 1432 672 ore
1472 621 1637 687 gladii
1665 622 1868 673 cadere.
1947 622 2050 673 Cui
2076 640 2265 689 appro-

336 693 623 760 pinquanti
650 694 1031 744 Dunelmensis
1060 693 1337 760 episcopus
1365 693 1674 760 Agelwinus
1702 711 2004 756 occurrens,
2044 694 2265 745 insidias

337 765 439 815 sibi
465 783 760 832 praecavere
786 766 1144 833 praemonuit,
1187 766 1280 816 sed
1312 766 1404 816 ille
1442 765 1714 816 neminem
1749 766 1849 816 hoc
1886 766 2079 816 audere
2120 767 2262 817 aesti-

338 855 490 887 mans
518 838 761 904 despexit
789 844 1236 888 ammonentem.12
1311 837 1645 888 Dunelmum
1681 855 1804 888 cum
1830 838 2001 888 multa
2026 838 2264 888 militum

336 926 502 959 manu
544 909 815 976 ingressus
861 909 1105 976 permisit
1150 926 1272 959 suos
1311 909 1582 960 hostiliter
1625 909 1822 976 ubique
1863 928 2035 976 agere,
2077 911 2264 961 occisis

336 981 501 1032 etiam
526 981 799 1032 nonnullis
837 981 1069 1032 ecclesiae
1102 980 1317 1031 rusticis
1335 1001 1349 1043 ς
1391 988 1666 1048 81180οΡ1118
1705 987 1787 1032 081
1823 988 2002 1033 autem
2031 982 2096 1033 ab
2124 983 2261 1050 epis-

335 1070 468 1120 copo
511 1070 634 1103 cum
675 1052 824 1103 omni
865 1052 1202 1103 humanitate
1246 1058 1300 1103 et
1331 1052 1548 1104 honore.
1625 1053 1702 1104 At
1732 1054 2109 1122 Northymbri,
2149 1061 2266 1105 tota

333 1131 493 1175 nocte
537 1124 854 1175 festinantes
895 1124 1248 1185 Dunelmum,
1301 1142 1512 1174 summa
1556 1124 1607 1175 vi
1652 1125 1888 1176 diluculo
1938 1144 2033 1193 per
2081 1133 2262 1193 portas

333 1196 660 1263 irrumpunt,
701 1202 754 1247 et
795 1196 966 1246 socios
1008 1195 1218 1246 comitis
1258 1195 1548 1262 imparatos
1588 1196 1786 1264 ubique
1824 1198 2065 1248 locorum
2094 1199 2260 1249 inter-

332 1268 540 1318 ficiunt.
617 1267 890 1318 Atrociter
930 1267 1091 1318 nimis
1130 1285 1213 1318 res
1261 1268 1482 1334 geritur,
1522 1269 1803 1335 prostratis
1840 1287 1935 1336 per
1971 1270 2156 1321 domos
2209 1276 2262 1322 et

332 1340 535 1407 plateas
580 1339 860 1402 militibus,
908 1339 1128 1391 domum
1170 1339 1420 1407 episcopi,
1461 1339 1521 1389 in
1565 1358 1671 1406 qua
1711 1358 1888 1392 comes
1926 1341 2102 1393 fuerat
2147 1361 2261 1393 sus-

333 1418 536 1479 ceptus,
578 1412 966 1479 aggrediuntur
1009 1419 1332 1479 pugnantes,
1374 1411 1485 1474 sed,
1527 1429 1650 1462 cum
1685 1430 1795 1463 non
1838 1412 2041 1464 ferrent
2080 1415 2263 1482 jacula

331 1484 754 1547 defendentium,
818 1485 1040 1535 domum
1101 1501 1225 1535 cum
1283 1483 1710 1535 inhabitantibus
1769 1493 2257 1538 concremaverunt.

331 1557 507 1607 Tanta
533 1556 637 1607 fuit
673 1556 1082 1607 interfectorum
1120 1555 1432 1619 multitudo,
1471 1563 1535 1606 ut
1569 1557 1750 1607 omnia
1788 1576 1923 1624 pene
1961 1558 2109 1609 urbis
2146 1559 2265 1610 loca

331 1629 668 1696 replerentur
719 1647 921 1680 cruore.
1017 1629 1164 1679 Nam
1214 1629 1280 1679 de
1331 1628 1687 1695 septingentis
1746 1629 2052 1681 hominibus
2104 1649 2262 1682 nemo

330 1708 524 1768 praeter
564 1719 734 1751 unum
776 1700 982 1752 evasitst
1060 1701 1193 1752 Haec
1229 1700 1398 1751 caedes
1438 1700 1583 1751 facta
1624 1707 1704 1752 est
1741 1720 1774 1752 v
1814 1702 1921 1753 kal.
1965 1703 2260 1767 Februarii,

331 1773 464 1824 feria
489 1773 585 1840 iiij.
666 1778 699 1800 “
720 1772 843 1826 Quo
872 1790 1031 1836 anno,
1062 1779 1185 1823 ante
1216 1772 1556 1824 nativitatem
1591 1774 1802 1825 Sanctae
1829 1774 2040 1838 Mariae,
2076 1776 2260 1839 Suani,

334 1849 369 1873 “
390 1845 530 1911 regis
574 1846 855 1896 Danorum
895 1845 1010 1907 filii,
1056 1844 1349 1908 Haroldus,
1406 1845 1668 1908 Canutus,
1714 1852 1767 1896 et
1811 1852 2034 1913 patruus
2078 1865 2263 1898 eorum

335 1922 368 1945 “
392 1917 666 1969 Osbernus
693 1917 926 1980 comes,''
948 1922 1003 1968 et
1029 1917 1306 1984 episcopus
1334 1934 1520 1968 eorum
1542 1917 1900 1981 Christianus,
1930 1923 1964 1946 “
1982 1936 2264 1987 comesque

336 1994 370 2016 “
393 1989 667 2040 Turkillus
712 2007 770 2040 00
822 1994 875 2040 01
920 1989 975 2039 xl
1024 1988 1249 2039 navibus
1296 1989 1361 2040 de
1406 1989 1659 2040 Danubia
1700 1990 1993 2053 venientes,
2032 1992 2090 2042 in
2125 1992 2263 2043 ostio

335 2066 369 2089 “
395 2062 643 2112 Humbre
709 2061 946 2112 fluminis
1009 2061 1399 2128 applicuerunt.
1496 2060 1609 2112 Ubi
1660 2061 1734 2113 eis
1788 2062 1916 2113 clito
1966 2064 2262 2131 Eadgarus,

333 2139 367 2161 “
390 2152 566 2185 comes
606 2134 917 2196 Waldevus,
958 2138 1012 2184 et
1052 2133 1425 2196 Marlessvein,
1464 2133 1730 2201 multique
1771 2134 1879 2198 alii,
1921 2153 2043 2185 cum
2096 2136 2262 2187 classe

333 2211 367 2234 “
389 2224 550 2273 quam
577 2211 911 2273 paraverant,
944 2205 1350 2256 occurrerunt.'’
1427 2205 1603 2256 Affuit
1630 2211 1684 2256 et
1711 2206 2054 2274 Cospatricus
2084 2226 2260 2260 comes

333 2296 456 2329 011111
496 2279 625 2329 10118
666 2277 867 2328 viribus
909 2277 1446 2345 Northymbrorums
1482 2278 1813 2329 unanimiter
1850 2297 2034 2331 omnes
2076 2288 2262 2332 contra

330 2351 679 2401 Normannos
706 2350 1034 2417 congregati.
1112 2350 1195 2401 De
1217 2367 1441 2418 quorum
1473 2350 1716 2400 omnium
1744 2355 1778 2377 “
1797 2351 2030 2403 adventu
2055 2353 2259 2404 Ebora-

333 2428 366 2450 “
389 2423 561 2474 censis
603 2422 1029 2489 archiepiscopus
1068 2421 1337 2473 Aldredus
1364 2422 1518 2473 valde
1549 2422 1718 2473 tristis
1747 2423 1986 2487 effectus,
2026 2424 2084 2475 in
2109 2444 2257 2493 mag-

333 2499 368 2522 “
389 2513 516 2546 nam
542 2494 740 2546 decidit
765 2494 1172 2557 infirmitatem,⁸
1192 2500 1245 2546 et
1265 2494 1473 2545 decimo
1494 2512 1634 2545 anno
1656 2495 1738 2545 sui
1759 2496 2259 2565 archiepiscopatus,

333 2567 444 2634 “iij
474 2567 593 2618 idus
624 2566 972 2634 Septembris,
1000 2566 1133 2617 feria
1156 2567 1228 2634 vj,
1255 2573 1318 2617 ut
1344 2567 1522 2618 Deum
1542 2573 1837 2634 rogaverat,
1865 2568 2032 2619 vitam
2053 2570 2226 2620 finivit
2242 2592 2257 2633 ,-

334 2644 444 2689 “ct
488 2639 546 2689 in
586 2639 810 2690 ecclesia
852 2638 1038 2689 Sancti
1077 2639 1226 2689 Petri
1267 2645 1348 2690 est
1380 2639 1637 2706 sepultus.
1716 2640 1921 2691 Octavo
1956 2647 2075 2708 post
2113 2642 2260 2693 hunc

334 2716 369 2738 “
389 2710 494 2772 die,
560 2711 764 2762 scilicet
822 2711 914 2777 xiij
976 2710 1083 2761 kal.
1147 2711 1413 2774 Octobris,
1486 2711 1739 2775 Sabbato,
1799 2712 2105 2764 Normanni
2167 2715 2260 2782 qui

334 2782 611 2833 “castella
661 2782 1054 2845 custodiebant,
1108 2782 1359 2833 timentes
1407 2800 1474 2833 ne
1517 2783 1708 2834 domus
1760 2802 1879 2850 quae
1929 2803 2093 2852 prope
2145 2804 2257 2838 cas-

334 2859 368 2882 “
390 2854 519 2905 tella
546 2861 714 2917 erant,
758 2854 1069 2921 adjumenta
1095 2854 1265 2905 Danis
1295 2854 1361 2904 ad
1386 2854 1683 2921 implendas
1719 2855 1889 2906 fossas
1916 2858 2257 2910 castellorum

335 2931 369 2954 “
391 2932 588 2989 essent,
628 2926 752 2993 igne
795 2944 881 2977 eas
920 2926 1239 2977 succendere
1275 2932 1570 2992 coeperunt,
1612 2926 1721 2979 Qui
1746 2927 1906 2977 nimis
1948 2946 2255 2982 excrescens

335 3003 369 3027 “
391 3005 563 3049 totam
604 2998 876 3048 civitatem
918 2997 1133 3059 invasit,
1172 2997 1664 3064 monasteriumque
1712 2999 1897 3049 Sancti
1941 3001 2088 3051 Petri
2133 3020 2256 3054 cum

335 3071 508 3137 “ipsa
535 3069 855 3137 consumpit.
938 3069 1042 3120 Sed
1068 3069 1275 3120 ultione
1310 3069 1508 3120 Divina
1535 3069 1790 3121 citissime
1815 3071 2148 3124 vindicatum
2176 3082 2257 3127 est

411 3217 433 3241 Ρ
466 3207 568 3248 Τ1118
589 3206 703 3246 word
722 3205 757 3245 is
777 3218 830 3244 an
851 3205 1070 3247 insertion.

416 3270 432 3295 ⁹
464 3262 567 3303 This
600 3261 781 3313 atrocity
813 3260 849 3300 is
879 3261 1049 3301 noticed
1082 3261 1128 3301 in
1154 3261 1240 3302 the.
1263 3261 1404 3302 Saxon
1436 3263 1674 3315 Chronicle,
1705 3266 1789 3306 and
1823 3267 1909 3308 also
1942 3268 1999 3321 by
2030 3269 2259 3312 Ordericus

333 3318 502 3368 Vitalis,
522 3318 618 3357 who
637 3317 736 3357 calls
755 3317 829 3356 the
850 3317 935 3356 earl
955 3316 1118 3356 Robert
1138 3317 1188 3356 de
1209 3316 1419 3359 Comines.
1479 3319 1569 3359 The
1590 3320 1751 3371 details,
1771 3322 1978 3374 however,
1997 3338 2067 3365 are
2087 3326 2258 3367 derived

333 3374 443 3416 from
462 3374 536 3413 the
557 3372 740 3423 History
760 3371 806 3411 os
830 3372 904 3411 the
925 3371 1099 3412 Church
1119 3371 1171 3411 ose
1188 3372 1397 3423 Durhm,
1427 3374 1536 3414 book
1557 3374 1631 3425 iii„
1662 3388 1696 3416 0.
1717 3390 1784 3417 xv.

416 3435 430 3453 Τ
460 3429 551 3470 Τ110
581 3439 779 3479 presence
810 3427 855 3466 of
881 3426 1101 3477 Gospatric
1121 3426 1226 3466 with
1253 3427 1327 3468 the
1351 3441 1448 3468 men
1470 3429 1516 3468 of
1540 3429 1937 3474 Northumberland
1956 3433 1991 3474 is
2011 3435 2258 3477 mentioned

332 3484 378 3524 in
394 3484 468 3524 the
489 3484 629 3524 Saxon
650 3481 887 3531 Chronicle,
919 3482 996 3521 but
1015 3484 1093 3522 not
1111 3482 1281 3522 noticed
1301 3484 1357 3535 by
1376 3483 1591 3525 Florence.
1651 3486 1741 3527 The
1757 3487 1913 3529 former
1931 3490 2152 3543 authority
2171 3491 2257 3531 also

333 3540 481 3591 speaks
501 3539 547 3578 of
562 3538 723 3588 Bishop
744 3536 962 3578 Christian
981 3537 1316 3590 accompanying
1335 3551 1389 3577 an
1410 3539 1655 3590 expedition
1675 3542 1749 3582 the
1766 3542 1988 3596 following·
2000 3558 2102 3597 year
2121 3547 2258 3587 under

331 3595 406 3637 the
425 3594 649 3635 command
669 3593 716 3633 of
741 3592 880 3632 Suane
900 3592 1081 3642 himself,
1111 3593 1189 3632 but
1218 3593 1315 3633 does
1343 3596 1418 3634 not
1437 3607 1561 3636 name
1581 3595 1672 3636 him
1692 3610 1748 3636 011
1767 3598 1842 3638 1110
1861 3603 2032 3650 present
2051 3601 2256 3643 occasion.

414 3657 426 3675 ⁸
461 3651 575 3691 Obiit
593 3650 806 3690 Aldredus
825 3649 1104 3687 Eboracensis
1124 3649 1468 3702 archiepiscopus.
1529 3650 1583 3691 In
1603 3651 1807 3703 margine.
