2384 4126
290 402 393 450 118
900 417 1173 451 sYMEole
1215 417 1609 451 DUNELMENsIs

395 544 580 596 Abbas
632 545 1019 608 Cluniacensis,
1083 545 1328 608 Pontius,
1390 545 1481 612 qui
1533 544 1806 595 Divinitus
1858 543 1926 595 ad
1974 543 2216 611 regimen

286 617 600 669 monasterii
627 623 707 668 est
735 623 1057 684 assumthS,
1084 617 1165 668 vir
1192 624 1252 668 ut
1276 618 1449 669 fertur
1475 617 1690 684 optimae
1717 616 2148 678 conversationis,
2187 634 2218 666 a

287 690 390 741 sibi
454 690 737 741 commissa
800 690 1215 757 congregatione
1276 690 1591 741 criminatus
1651 689 1791 756 apud
1842 688 2216 756 Apostolicum

288 763 579 825 Calixtum,
625 762 980 813 libentissime
1021 762 1223 829 accepit
1263 762 1329 813 ab
1373 763 1467 813 illo
1505 762 1766 829 regimine
1806 761 2031 829 deponi:
2073 760 2213 811 ordi-

285 842 414 886 nato
442 841 623 887 autem
648 835 705 884 in
733 836 848 903 ejus
874 834 1051 885 locum
1074 835 1177 885 alio
1194 831 1415 897 abbate,
1442 834 1586 886 illico
1608 853 1722 885 sese
1750 834 1891 885 ultro
1913 851 2216 901 expurgans

287 916 641 970 sacramento,
682 914 806 957 31116
848 925 1058 957 sacrum
1104 924 1293 973 corpus
1333 907 1480 958 beati
1523 908 1670 958 Petri
1709 912 2043 958 accusatores
2082 906 2216 956 falsa

287 981 391 1031 sibi
417 980 675 1047 objecisse
703 997 836 1030 conv
838 979 949 1029 icit.
1017 979 1267 1029 Graviter
1292 979 1420 1030 tulit
1436 979 1778 1046 Apostolicus
1804 985 2020 1030 tantum
2040 978 2216 1029 virum

284 1052 588 1103 inconsulte
640 1052 754 1102 sine
806 1051 963 1117 culpa
1013 1051 1334 1131 depositum,
1387 1069 1622 1132 moxque
1667 1052 1935 1119 praecepit,
1999 1057 2059 1102 ut
2120 1069 2217 1101 sua

287 1126 607 1177 auctoritate
634 1130 848 1190 recepta
884 1123 951 1173 ad
990 1122 1280 1203 pristinum
1316 1124 1628 1174 monasterii
1663 1124 1746 1174 sui
1771 1124 2010 1191 regimen
2038 1141 2213 1174 rever-

284 1203 507 1248 16161111·
584 1196 660 1247 At
686 1195 777 1246 ille
803 1195 1117 1261 respondit
1103 1213 1275 1262 ipsam
1302 1201 1532 1246 mortem
1560 1213 1614 1246 se
1641 1196 1801 1247 malle
1828 1196 2026 1262 eligere
2054 1214 2215 1263 quam

284 1269 657 1321 Cluniacensis
698 1267 1012 1318 monasterii
1047 1285 1231 1317 curam
1265 1274 1522 1334 repetere.
1605 1268 1768 1330 Hinc,
1809 1268 2025 1319 dolente
2051 1268 2215 1319 etiam

282 1341 614 1410 Apostolico,
643 1341 675 1390 J
682 1339 1021 1391 erosolimam
1046 1339 1333 1407 profectUS,
1360 1340 1651 1391 honorifice
1678 1358 1873 1407 magno
1900 1347 2216 1391 cunctorum

284 1414 481 1482 gaudio
522 1413 814 1480 excipitur:
857 1412 951 1463 ubi
998 1430 1158 1479 supra
1207 1418 1417 1479 portam
1471 1431 1587 1480 quae
1631 1413 1829 1463 dicitur
1869 1414 2067 1476 Aurea,
2115 1412 2217 1464 sibi

280 1488 482 1538 faciens
508 1486 862 1547 mansionem,
907 1491 1168 1535 secretam
1201 1484 1256 1535 in
1294 1485 1493 1535 Divina
1529 1485 1984 1553 contemplatione
2019 1486 2216 1553 gaudet

283 1560 478 1611 ducere
504 1560 685 1610 vitam.
763 1559 931 1608 Porro
973 1557 1064 1624 qui
1105 1575 1200 1624 pro
1243 1575 1305 1608 eo
1340 1558 1515 1608 fuerat
1552 1558 1715 1609 abbas
1750 1565 2078 1625 surrogatus,
2107 1576 2218 1608 non

280 1633 454 1683 multo
504 1639 623 1699 post
677 1637 736 1681 ut
779 1629 1100 1681 Cluniacum
1144 1630 1291 1681 venit
1335 1637 1582 1681 mortuus
1628 1637 1725 1682 est.
1804 1631 2030 1681 Pontius
2070 1649 2214 1693 vero,

278 1705 554 1771 legatariis
599 1710 653 1755 et
703 1703 899 1754 litteris
951 1702 1016 1753 ab
1062 1702 1375 1769 Apostolico
1426 1703 1618 1767 missis,
1666 1703 1891 1771 jubetur
1934 1703 2108 1755 redire
2151 1704 2217 1754 ad

281 1776 730 1845 gubernationem
756 1774 1069 1826 monasterii
1096 1774 1194 1825 sui.
1276 1775 1382 1826 Sed
1407 1776 1558 1827 nullo
1589 1776 1745 1827 modo
1773 1794 1803 1826 a
1829 1794 1925 1827 sua
1957 1776 2215 1843 singulari

279 1854 492 1918 pOterat
520 1848 758 1899 abstrahi
785 1846 1228 1898 conversationest

391 1922 583 1973 Sibilla
619 1921 806 1988 regina
843 1921 1171 1982 Scottorum,
1215 1919 1323 1970 filia
1368 1920 1591 1971 Henrici
1627 1920 1787 1987 regis,
1825 1920 2004 1971 subita
2040 1927 2212 1972 morte

280 1995 491 2047 decedit
517 1994 594 2062 iiij
625 1994 745 2044 idus
774 1993 806 2043 J
812 1992 924 2042 ulii.

388 2067 631 2118 Calixtus
665 2084 802 2133 papa
843 2071 896 2116 et
941 2064 1212 2116 Henricus
1246 2064 1557 2131 imperator,
1604 2064 2028 2117 discurrentibus
2069 2066 2212 2117 inter

275 2141 397 2191 illos
426 2139 649 2190 maturis
677 2145 730 2189 et
757 2137 1003 2188 fidelibus
1023 2137 1167 2200 viris,
1194 2143 1315 2204 post
1342 2137 1530 2204 longas
1558 2137 1914 2189 dissensiones
1950 2143 2004 2189 et
2030 2156 2210 2190 rerum

278 2213 621 2274 detrimenta,
677 2211 734 2260 in
778 2228 964 2291 pacem
1012 2215 1065 2260 et
1111 2209 1449 2260 concordiam
1495 2210 1789 2272 redierunt,
1844 2210 1981 2261 sicut
2040 2211 2211 2262 literae

275 2304 371 2354 per
411 2303 577 2349 regna
618 2290 672 2335 et
712 2282 1009 2350 provincias
1057 2281 1274 2333 directae
1319 2288 1722 2345 contestantur,-
1767 2301 1994 2350 quarum
2029 2302 2207 2335 exem-

274 2358 446 2427 plaiia
471 2357 599 2408 hic
586 2375 643 2406 111
670 2355 920 2423 praesenti
948 2354 1268 2405 subduntur

384 2432 502 2497 Eyo
525 2430 780 2480 Kalia‘tus
801 2429 1086 2494 episcopus,
1108 2445 1287 2478 servus
1306 2445 1573 2479 servorum
1593 2429 1709 2492 Dei,
1732 2428 1844 2490 tibi,
1868 2429 2056 2479 dilecto
2072 2428 2210 2495 filio,

273 2505 505 2555 Henrico
557 2503 660 2553 Dei
704 2502 888 2568 yratia
933 2501 1288 2552 Romanorum
1339 2500 1647 2566 imperatori
1697 2501 1937 2567 Auyusto
1989 2503 2211 2553 concedo

273 2578 548 2628 electiones
574 2575 930 2640 episcoporum
951 2579 1001 2625 et
1028 2574 1272 2624 abbatum
1307 2573 1573 2624 Teutonici
1600 2574 1762 2640 reyni,
1787 2574 1875 2640 qui
1903 2575 1977 2624 ad
1997 2591 2212 2640 regnum

263 2650 554 2716 pertinent,
576 2649 632 2697 in
648 2647 936 2713 praesentia
959 2651 1051 2697 tua
1075 2646 1203 2711 fieri
1230 2646 1422 2712 absque
1448 2647 1685 2713 symonia
1713 2652 1763 2696 et
1789 2647 1927 2696 omni
1946 2647 2212 2710 violentia,

273 2728 350 2784 ut,
390 2722 436 2772 si
463 2739 566 2787 qua
592 2721 732 2770 inter
752 2725 942 2785 partes
970 2719 1237 2769 discordia
1264 2719 1549 2780 emerserit,
1589 2719 1978 2786 metropolitani
2010 2725 2060 2770 et
2080 2737 2211 2785 pro-

273 2794 575 2844 vincialium
587 2792 798 2858 judicio
825 2792 905 2842 vel
931 2791 1165 2853 consilio,
1193 2791 1396 2841 saniori
1413 2791 1567 2856 parti
1589 2809 1856 2842 assensum
1883 2797 1934 2842 et
1954 2792 2210 2843 aua‘ilium

263 2866 521 2932 proebeas.
598 2865 818 2915 Electus
860 2869 1033 2914 autem
1074 2863 1277 2929 reyalia
1320 2881 1352 2913 a
1394 2868 1443 2913 te
1485 2863 1731 2928 accipiat,
1775 2870 1825 2914 et
1866 2880 1976 2930 quae
2018 2881 2082 2914 eoe
2126 2865 2209 2915 liis

259 2940 389 3006 jure
426 2938 521 2989 tibi
558 2937 705 2987 debet
727 2935 924 3001 faciat.
1013 2935 1105 2985 Ea·
1137 2936 1259 2985 aliis
1284 2953 1403 2986 vero
1421 2936 1672 3000 partibus
1697 2936 1906 3002 imperii
1934 2953 2205 2986 consecra-

275 3016 377 3072 tus,
417 3008 563 3075 infra
588 3026 681 3059 sea‘
708 3025 904 3059 menses
929 3008 1133 3073 reyalia
1150 3025 1253 3073 per
1277 3012 1538 3072 sceptrum
1575 3025 1606 3057 a
1644 3012 1693 3057 te
1726 3008 1969 3073 recipiat,
2010 3014 2060 3059 et
2100 3026 2210 3075 quoe

275 3101 340 3134 ea’
367 3083 448 3133 liis
469 3083 597 3148 jure
634 3081 729 3131 tibi
765 3080 912 3130 dehet
940 3078 1140 3145 saciat,
1183 3079 1415 3145 exceptis
1443 3080 1678 3130 omnibus
1705 3096 1815 3145 quoe
1842 3080 1915 3129 ad
1939 3081 2209 3131 ecclesiam

272 3156 565 3206 Romanam
581 3153 851 3218 pertinere
871 3156 1173 3202 noscuntur.
1238 3152 1320 3201 De
1340 3152 1523 3217 quibus
1542 3169 1661 3202 vero
1685 3152 2059 3217 querimoniam
2080 3155 2209 3204 milii

257 3228 457 3295 feceris
496 3232 545 3277 et
588 3225 844 3275 aua‘ilium
878 3224 1253 3290 postulaveris,
1293 3224 1574 3274 secundum
1620 3224 1776 3292 officii
1816 3225 1915 3274 mei
1961 3226 2205 3289 debitum,

271 3300 528 3351 auxilium
559 3298 839 3363 praestabo.
932 3297 1016 3346 Do
1060 3295 1155 3346 tibi
1198 3314 1288 3346 7767
1292 3314 1375 3345 am
1409 3313 1600 3361 pacem
1645 3302 1695 3347 et
1740 3298 1974 3348 omnibus
2020 3299 2108 3364 qui
2153 3300 2205 3349 in

259 3378 421 3441 parte
449 3377 540 3422 tua
566 3375 687 3421 sunt
712 3370 795 3420 vel
808 3368 1032 3434 fuerunt
1059 3374 1285 3434 tempore
1312 3369 1465 3434 hujus
1493 3369 1784 3419 discordiae.

378 3446 443 3495 In
477 3443 681 3495 nomine
709 3442 917 3492 Sanctoe
959 3446 1009 3491 et
1033 3440 1328 3491 Inclividuae
1360 3441 1657 3503 Trinitatis,
1695 3458 1785 3508 eqo
1811 3443 2077 3493 Henricus
2103 3444 2205 3494 Dei

262 3537 331 3587 97·
334 3519 446 3570 atia
474 3517 829 3567 Romanorum
855 3514 1144 3579 imperato?
1171 3513 1457 3579 Auyustus,
1476 3531 1580 3579 pro
1610 3532 1784 3564 amore
1804 3515 1907 3565 Dei
1934 3520 1984 3565 et
2009 3521 2204 3567 sancta>

266 3592 517 3642 Romanae
545 3587 771 3640 ecclesioe
799 3592 848 3637 et
876 3586 1049 3636 domni
1077 3585 1291 3636 Kalioeti
1308 3602 1481 3651 papae,
1523 3592 1573 3637 et
1604 3604 1707 3652 pro
1749 3587 1976 3637 remedio
2017 3588 2203 3640 animae

348 3705 364 3728 ‘1
396 3696 479 3737 For
499 3709 523 3735 3
541 3695 644 3747 long
663 3695 844 3734 account
864 3693 909 3733 of
925 3692 1012 3732 this
1031 3693 1202 3741 matter,
1223 3704 1290 3731 566
1311 3691 1536 3743 Baronius,
1556 3694 1634 3733 sub
1655 3706 1768 3733 anno
1790 3695 1921 3740 11253
1941 3706 2009 3745 pp.
2028 3696 2129 3735 359-
2133 3696 2201 3744 60,

263 3757 393 3794 380-
371 3757 406 3793 ⁰.
467 3752 542 3792 See
563 3751 649 3791 3150
669 3750 742 3790 1116
762 3748 946 3798 17611615,
975 3750 1069 3794 efc„
1100 3748 1146 3787 of
1171 3747 1299 3788 Pet-cr
1319 3747 1392 3788 1116
1412 3747 1662 3790 Venorable.
