2384 4126
916 388 1103 422 sANc'm
1144 388 1474 423 cUrnBERTI.
2058 377 2157 427 195

240 516 274 540 ‘⁶
295 513 471 565 mittat
503 514 797 576 timorem,’²’
834 513 889 564 id
915 532 978 565 ex
1005 515 1177 566 multa
1203 515 1425 566 caritate
1452 515 1834 582 postulandum
1870 535 2152 584 praesumO,

241 588 276 611 “
298 584 440 651 quod
490 603 553 636 ex
605 585 892 637 dilectione
943 587 1377 653 praesumendum
1428 588 1660 654 postulo,
1708 588 1924 655 adjuvat
1973 607 2155 655 preces

243 659 277 683 “
297 661 524 719 nostras,
566 657 729 708 etiam
757 676 872 724 quae
896 658 1360 724 inpraesentiarum
1387 659 1578 710 accidit
1606 678 1778 723 causa,
1814 660 1919 710 ista
1954 660 2156 711 scilicet

243 731 278 755 “
298 727 480 779 fratris
506 728 676 779 nostri
704 729 911 780 abbatis
938 729 1199 794 dubietas,
1229 749 1346 797 quae
1373 731 1475 781 nisi
1503 738 1556 782 et
1584 731 1809 782 aliorum
1843 731 2153 782 testimonio

242 803 278 826 “
300 818 330 849 a
371 800 527 850 corde
566 800 711 851 illius
751 800 914 852 fuerit
956 802 1185 864 exclusa,
1221 802 1395 869 justas
1432 809 1617 853 contra
1641 820 1733 853 vos
1761 803 1863 853 sibi
1887 803 2155 853 videbitur

244 874 279 898 “
298 871 523 922 movisse
545 872 838 923 calumnias
859 893 869 923 :
907 879 961 924 et
986 873 1043 923 in
1068 874 1164 924 has
1189 874 1245 923 in
1271 874 1515 924 futurum
1540 875 1717 941 plures
1744 875 1847 925 sibi
1874 875 2154 925 contrahet

245 945 279 968 “
301 949 701 995 consentaneos.
780 944 903 1007 Sed,
930 950 992 994 ut
1017 945 1185 1008 video,
1215 963 1275 996 ex
1304 946 1409 997 Dei
1437 946 1769 1013 providentia
1795 946 1937 997 facta
1964 952 2043 997 est
2074 946 2155 996 illi

245 1017 278 1040 “
300 1014 414 1065 haec
447 1015 728 1078 dubitatio,
768 1021 830 1065 ut
856 1016 998 1067 unde
1024 1034 1113 1067 vos
1148 1017 1424 1068 aestimatis
1460 1036 1618 1084 grave
1657 1018 1771 1069 fieri
1810 1018 2117 1069 scandalum
2136 1038 2150 1080 3

244 1088 278 1112 “
298 1085 438 1149 inde,
479 1087 759 1138 ordinante
796 1088 930 1150 Deo,
972 1089 1294 1140 cumulatior
1332 1089 1457 1140 huic
1496 1090 1612 1140 loco
1650 1090 1925 1157 proveniet
1964 1090 2150 1156 gloria.

244 1160 279 1183 ‘⁶
298 1158 443 1208 Nam
464 1165 816 1225 prosequente
836 1177 1016 1227 preces
1037 1166 1246 1211 nostras
1274 1161 1458 1228 gratiae
1478 1168 1667 1213 vestrae
1686 1163 1883 1224 favore,
1903 1180 2024 1212 cum
2039 1162 2154 1228 jam

244 1232 278 1256 ‘⁶
301 1229 440 1279 sicut
482 1230 796 1293 audivimus,
838 1232 916 1282 ita
960 1232 1122 1283 etiam
1168 1250 1264 1283 nos
1308 1233 1409 1300 ipsi
1448 1233 1751 1297 viderimus,
1798 1239 1950 1284 tanto
1996 1233 2155 1284 citius

245 1304 278 1327 “
300 1300 632 1353 obmutescet
677 1302 1095 1354 obtrectantium
1140 1305 1425 1367 calumnia,
1480 1311 1680 1372 quanto
1725 1311 1779 1356 et
1821 1312 2059 1356 vestrum
2101 1312 2155 1356 et

244 1375 279 1398 “
298 1379 541 1423 nostrum
567 1374 935 1425 testimonium
963 1376 1147 1432 eadem
1174 1376 1590 1428 corroboraverit
1610 1377 1951 1444 experientia.
2016 1378 2154 1428 Tan-

244 1447 279 1470 “
299 1450 462 1512 toque
482 1445 641 1496 latius
661 1446 716 1496 in
736 1445 894 1497 beato
915 1447 1212 1499 Cuthberto
1234 1448 1405 1514 gloria
1420 1449 1524 1500 Dei
1542 1448 1936 1515 praedicabitur,
1956 1454 2157 1515 quanto

245 1519 280 1542 “
300 1516 471 1582 magis
504 1534 617 1580 nos,
650 1518 742 1584 qui
775 1518 913 1569 hanc
944 1519 1111 1569 oculis
1147 1520 1505 1586 probavimus,
1547 1538 1642 1587 per
1672 1521 1902 1572 diversas
1944 1520 2158 1587 longius

245 1591 280 1615 “
301 1594 476 1654 partes
503 1588 629 1640 hinc
653 1595 952 1640 remeantes
981 1590 1220 1657 dispersi,
1260 1609 1322 1642 ea
1355 1592 1604 1642 omnibus
1639 1593 1871 1659 pandere
1896 1592 2155 1642 institeri-

245 1663 279 1686 “
299 1660 474 1710 111118.υ
517 1660 619 1712 Η18
636 1661 923 1712 venerandi
940 1661 1146 1712 abbatis
1163 1662 1409 1729 precibus
1420 1663 1534 1730 jam
1552 1664 1829 1731 episcopus
1846 1663 2158 1731 praebuisset

245 1749 536 1795 assensum,
564 1732 668 1782 nisi
695 1732 951 1783 fratribus
976 1733 1246 1785 videretur
1271 1752 1381 1785 non
1408 1735 1591 1785 statim
1618 1735 1667 1786 ei
1694 1735 2156 1798 consentiendum,

244 1803 335 1869 qui
363 1821 520 1870 grave
548 1803 649 1854 sibi
675 1822 738 1855 ex
763 1804 966 1872 judicio
993 1806 1097 1856 Dei
1131 1806 1430 1873 periculum
1464 1807 1746 1858 imminere
1779 1807 2158 1870 formidabant,

245 1875 289 1924 si
315 1880 558 1926 sanctum
586 1893 776 1942 corpus
801 1876 978 1927 denuo
1014 1877 1262 1945 cuiquam
1295 1879 1689 1930 ostendendum
1715 1879 2015 1930 inconsulte
2042 1896 2158 1945 per-

244 1946 538 1998 mitterent.
619 1948 723 1998 Sed
766 1948 1113 2015 prudentium
1150 1950 1441 2001 amicorum
1482 1950 1605 2002 flexi
1644 1951 1882 2013 consilio,
1923 1951 2158 2013 tandem,

246 2018 372 2069 licet
405 2018 733 2082 difficillime,
775 2020 833 2070 in
857 2020 959 2071 hoc
991 2022 1351 2086 consentiunt,
1392 2029 1472 2084 ut,
1519 2028 1697 2073 amoto
1733 2023 1922 2074 abbate
1958 2023 2048 2090 qui
2084 2023 2159 2073 eis

245 2107 356 2140 non
400 2091 721 2142 credendum
767 2100 1063 2156 censuerat,
1109 2093 1329 2145 humilis
1375 2112 1435 2145 ac
1478 2094 1755 2161 religiosus
1797 2094 1995 2161 petitor
2037 2112 2160 2145 cum

245 2162 362 2213 aliis
390 2163 482 2230 qui
508 2163 658 2230 digni
683 2163 1007 2227 viderentur,
1049 2165 1115 2215 ad
1149 2184 1343 2216 novam
1369 2166 1615 2217 miraculi
1649 2166 2038 2233 inspectionem
2067 2166 2157 2217 ad-

244 2234 509 2284 mittatur.
607 2235 941 2302 Quandoque
978 2242 1160 2288 tamen
1196 2256 1226 2287 a
1267 2238 1669 2288 consulentibus
1721 2256 2035 2305 persuasum
2080 2244 2160 2288 est

246 2305 338 2368 018,
366 2312 429 2355 ut
455 2306 617 2357 etiam
643 2306 797 2356 illum
825 2325 985 2373 quam
1010 2308 1240 2359 maxime
1266 2309 1392 2359 huic
1410 2309 1488 2359 rei
1508 2309 1765 2360 interesse
1786 2309 2157 2372 concederent,

248 2377 341 2444 qui
365 2377 604 2444 ipsorum
630 2378 928 2429 testimonii
947 2379 1141 2430 dubius
1169 2379 1413 2431 dubitare
1434 2386 1487 2432 et
1509 2381 1640 2431 alios
1659 2381 1872 2443 fecerat,
1895 2387 2158 2447 quatenus

245 2450 359 2529 ejus
407 2449 650 2500 miraculi
695 2451 1084 2518 contemplator
1129 2452 1416 2514 assisteret,
1470 2452 1610 2532 quod
1655 2452 1729 2503 eis
1776 2452 2159 2503 attestantibus

243 2520 356 2587 ipse
408 2521 619 2572 credere
669 2521 946 2573 noluisset.
1047 2523 1249 2574 Taliter
1299 2524 1641 2575 contentione
1686 2524 1884 2587 sedata,
1931 2524 2159 2575 ducente

245 2592 448 2654 Priore,
492 2592 871 2660 ingrediuntur
904 2594 1215 2657 oratorium,
1258 2596 1392 2646 albis
1429 2596 1623 2658 induti,
1664 2596 1950 2663 praedictus
1997 2596 2158 2647 abbas

248 2664 536 2730 Sagiensis,
566 2671 620 2716 et
641 2665 900 2716 Ricardus
930 2666 1092 2717 abbas
1118 2668 1430 2718 monasterii
1453 2669 1505 2718 S.
1528 2667 1746 2730 Albani,
1776 2674 1829 2719 et
1852 2668 2158 2735 Stephanus

247 2736 407 2787 abbas
438 2737 491 2787 S.
521 2736 711 2787 Mariae
737 2737 982 2801 Eboraci,
1020 2744 1072 2789 et
1108 2739 1272 2805 Hugo
1305 2740 1466 2790 abbas
1505 2740 1557 2790 S.
1590 2740 1847 2792 Germani
1879 2739 1937 2789 111
1965 2740 2158 2791 Selebi.

245 2809 373 2858 Post
400 2826 531 2875 quos
557 2808 861 2860 Alexander
887 2809 1052 2861 frater
1077 2810 1215 2877 regis
1247 2812 1556 2862 Scottorum
1582 2811 1826 2878 AEdgari,
1854 2812 2014 2878 paulo
2040 2818 2160 2879 post

246 2880 486 2947 ejusdem
510 2880 690 2931 fratris
726 2881 808 2931 sui
832 2881 1048 2932 futurus
1072 2883 1131 2932 in
1156 2901 1384 2949 regnum
1420 2900 1709 2946 successor,
1751 2889 1803 2934 et
1836 2884 2160 2934 Guillelmus

246 2957 377 3002 tunc
415 2952 797 3003 Dunelmensis
836 2954 1064 3020 episcopi
1104 2955 1342 3017 clericus,
1383 2956 1475 3006 sed
1513 2961 1634 3022 post
1672 2955 2016 3022 saepedictum
2052 2956 2159 3006 Ra-

248 3023 456 3073 dulfum
477 3024 714 3075 ecclesiae
741 3025 1145 3076 Cantuariensis
1167 3027 1624 3093 archiepiscopus,
1655 3027 1845 3078 deinde
1873 3033 1926 3078 et
1954 3027 2042 3078 alii
2070 3027 2163 3094 qui

247 3094 513 3161 designati
554 3095 770 3146 fuerant
809 3097 1072 3164 religiosae
1112 3098 1252 3161 vitae,
1299 3104 1412 3149 tam
1458 3098 1707 3149 monachi
1758 3117 1916 3165 quam
1963 3099 2160 3161 clerici,

247 3184 470 3217 numero
506 3167 880 3234 quadraginta,
914 3175 1227 3236 sequuntur.
1306 3171 1572 3221 Praeterea
1612 3176 1665 3221 et
1705 3170 1881 3237 plures
1922 3170 2162 3237 ejusdem

247 3238 481 3289 ecclesiae
520 3239 730 3301 fratres,
772 3258 900 3290 nam
926 3241 1106 3291 caeteri
1133 3241 1382 3308 episcopo
1410 3241 1751 3304 assistebant,
1789 3242 1904 3309 jam
1938 3248 2070 3292 tunc
2104 3242 2163 3292 in

247 3309 469 3360 ecclesia
494 3310 660 3361 altare
687 3310 973 3363 dedicanti.
1039 3313 1324 3364 Praemissa
1348 3314 1529 3380 itaque
1557 3313 1870 3380 suppliciter
1896 3313 1962 3364 ab
1989 3313 2161 3365 omni-

246 3380 347 3431 bus
381 3380 639 3443 oratione,
680 3388 928 3433 sanctum
966 3401 1157 3451 corpus
1197 3385 1435 3435 defertur
1469 3385 1525 3435 in
1563 3385 1803 3448 chorum,
1839 3385 1951 3446 ubi,
1987 3385 2163 3435 loculo

248 3452 340 3518 qui
365 3452 511 3519 prius
545 3452 915 3504 concluserant
949 3473 979 3505 a
1003 3455 1256 3507 fratribus
1287 3456 1572 3523 patefactO,
1611 3456 1781 3519 Prior,
1815 3457 1955 3507 elata
1981 3474 2162 3517 manu,

250 3523 397 3590 gravi
422 3524 696 3591 prohibuit
721 3524 1025 3589 interdictO,
1053 3545 1120 3578 ne
1145 3528 1230 3578 vel
1257 3529 1323 3579 ad
1350 3546 1539 3595 corpus
1559 3528 1641 3579 vel
1668 3528 1733 3578 ad
1761 3527 1958 3594 aliquid
1981 3544 2164 3578 eorum

1018 3685 1034 3702 ¹³
1066 3682 1087 3717 1
1110 3679 1227 3719 John
1249 3680 1302 3721 iv.
1327 3684 1390 3720 18.

1786 3755 1816 3785 0
1843 3740 1875 3788 2
