2384 4126
290 353 397 401 232
1071 367 1344 400 APPENDIX
1387 368 1449 401 11.

291 496 760 557 confirmaverunt,
790 500 843 546 et
871 502 1233 557 servaverunt,
1275 501 1328 546 et
1354 502 1525 546 terras
1553 514 1675 546 cum
1703 496 1887 547 multis
1909 497 2026 548 aliis
2056 497 2220 548 dona-

289 567 381 618 riis
422 569 622 618 Sancto
662 568 1025 619 contulerunt.
1106 567 1214 618 Sed
1237 568 1418 618 Edred
1452 569 1685 619 moriens
1715 569 1932 637 reliquit
1959 570 2224 621 haeredem

290 640 462 690 filium
490 640 669 691 fratris
693 640 776 691 sui
796 640 1088 703 Edmundi,
1115 640 1334 690 nomine
1361 640 1531 702 Edwi,
1553 641 1805 708 malignae
1826 643 2023 693 mentis
2049 642 2222 693 homi-

289 730 432 776 nem,
481 713 729 764 omnibus
775 713 1036 764 odiosum.
1117 712 1226 763 Hic
1263 732 1293 763 a
1327 713 1524 764 finibus
1564 714 1731 765 totius
1767 715 1982 781 Angliae
2019 715 2225 782 expulit

293 786 552 835 Sanctum
574 786 922 836 Dunstanum
939 786 1005 836 de
1021 785 1234 836 incestu
1250 803 1373 836 eum
1395 785 1787 853 corripientem.
1854 787 2016 838 Unde
2038 806 2223 838 omnes

291 857 357 908 ab
386 858 637 909 Humbre
668 876 836 925 usque
874 858 940 908 ad
965 858 1273 920 Tamisiam,
1311 864 1499 908 contra
1523 859 1810 909 Edwinum
1845 860 2052 922 offensi,
2081 861 2224 910 ultra

288 931 581 981 Tamisiam
627 949 749 981 eum
793 930 1135 997 fugaverunt,
1182 936 1235 981 et
1275 930 1545 996 juniorem
1585 932 1808 982 fratrem
1844 951 1998 982 suum
2041 951 2223 999 regem

287 1003 550 1065 fecerunt,
590 1003 809 1054 nomine
840 1003 1158 1069 AEdgarum.
1251 1002 1361 1054 Qui
1399 1021 1522 1053 cum
1555 1004 1755 1054 multos
1787 1023 1953 1055 annos
1995 1005 2225 1055 feliciter

286 1081 581 1142 regnasset,
623 1075 735 1125 filio
770 1092 866 1125 suo
902 1075 1183 1137 Edwardo,
1222 1075 1313 1141 qui
1342 1076 1487 1142 jacet
1521 1075 1580 1125 in
1624 1077 1952 1139 Sceftesbiri,
1994 1095 2222 1142 regnum

286 1148 523 1198 moriens
561 1147 797 1214 reliquit.
879 1147 989 1200 Qui
1022 1147 1081 1196 in
1114 1146 1265 1197 brevi
1299 1148 1567 1198 novercali
1593 1148 1781 1199 fraude
1808 1149 2030 1212 00018118,
2059 1149 2220 1200 Edel-

285 1221 474 1271 redum
502 1220 723 1270 fratrem
749 1219 1020 1270 haeredem
1045 1218 1254 1269 habuit.
1320 1220 1530 1270 Deinde
1554 1221 1712 1270 Cnud
1732 1239 1899 1287 regno
1920 1221 2223 1289 Anglorum

284 1292 506 1359 potitus,
537 1298 590 1343 et
617 1292 684 1342 ad
704 1292 1039 1343 Dunelmum
1059 1291 1295 1354 veniens,
1324 1310 1416 1358 per
1437 1311 1467 1341 v
1487 1292 1735 1356 miliaria,
1764 1312 1794 1343 a
1819 1294 1936 1344 1000
1965 1294 2056 1361 qui
2084 1295 2219 1344 Gar-

283 1365 475 1415 mundi
500 1364 608 1416 Via
634 1364 847 1427 dicitur,
875 1364 1036 1414 nudis
1062 1363 1286 1431 pedibus
1312 1364 1583 1428 incedens,
1614 1365 1680 1415 ad
1707 1366 2009 1433 sepulcrum
2039 1367 2223 1417 Sancti

284 1437 573 1488 Cuthberti
598 1437 744 1488 venit
760 1459 775 1500 3
819 1444 872 1488 et
906 1436 983 1487 ibi
1011 1436 1060 1488 ei
1091 1436 1306 1499 obtulit,
1348 1444 1401 1488 et
1437 1437 1585 1488 dedit
1619 1438 1844 1489 liberam
1881 1445 1933 1490 et
1966 1439 2220 1506 quietam,

285 1510 592 1577 Steindrop,
630 1528 754 1561 cum
780 1509 1030 1560 omnibus
1064 1509 1385 1576 appenditiis
1421 1510 1546 1561 suis.
1627 1511 1756 1561 Post
1794 1511 1940 1561 1111110
1978 1513 2222 1578 regnavit

281 1583 576 1633 Edwardus
603 1582 746 1633 filius
772 1582 1052 1634 Ethelredi
1080 1592 1132 1632 ct
1159 1583 1383 1645 Emmae,
1423 1583 1533 1634 Qui
1568 1583 1741 1651 primo
1775 1602 1916 1634 anno
1950 1585 2103 1651 regni
2139 1586 2221 1635 sui

281 1656 606 1706 monachum
649 1655 932 1722 quendam,
979 1655 1198 1705 nomine
1236 1655 1564 1722 Egelricum,
1603 1656 1667 1707 de
1708 1657 1869 1719 Bure,
1911 1657 2221 1724 episcopum

280 1728 518 1794 praefecit
558 1728 794 1779 ecelesiae
833 1727 1189 1778 Dunelmensi
1209 1750 1223 1789 3
1271 1728 1362 1779 sed
1399 1747 1516 1778 eam
1561 1747 1743 1796 rogere
1784 1747 1891 1780 non
1932 1731 2110 1781 valens
2154 1731 2220 1781 ad

279 1801 553 1868 proprium
573 1800 959 1851 monasterium
980 1800 1157 1863 rediit,
1178 1800 1357 1867 sicque
1380 1801 1492 1851 sine
1515 1801 1824 1868 episcopatu
1842 1803 2006 1853 vitam
2029 1803 2217 1853 finivit.

279 1874 475 1924 Postea
502 1891 643 1924 anno
670 1872 972 1924 Dominieae
998 1872 1385 1923 incarnationis
1409 1873 1642 1941 M.lxxiij,
1672 1875 1754 1924 sui
1775 1875 1927 1941 regni
1948 1894 2088 1925 anno
2108 1876 2217 1943 viij,

277 1946 587 1997 XVillelmus
627 1963 737 2008 rex,
781 1951 901 2012 post
945 1945 1250 1995 Haroldum
1291 1946 1527 1995 occisum
1570 1947 1992 2013 potentissimus,
2035 1966 2219 1998 versus

280 2019 519 2069 Scotiam
545 2037 773 2085 regnum
803 2036 961 2068 suum
987 2018 1218 2081 visurus,
1259 2024 1312 2068 et
1345 2018 1389 2068 si
1426 2018 1518 2086 qui
1552 2019 1774 2070 rebelles
1812 2020 1859 2069 ci
1887 2025 2064 2071 essent
2092 2020 2215 2071 sub-

276 2091 504 2155 diturus,
529 2092 595 2142 ad
624 2092 882 2141 Sanctum
914 2090 1274 2141 Cuthbertum
1302 2096 1548 2141 oraturus
1570 2091 1733 2142 venit.
1800 2092 1902 2142 Cui
1924 2092 2215 2143 sciscitanti

276 2164 342 2214 de
362 2164 473 2214 vita
500 2170 553 2215 et
575 2163 847 2214 miraculis
876 2163 1078 2224 Sancti,
1108 2169 1161 2213 et
1188 2163 1253 2213 de
1281 2163 1603 2230 antiquitate
1630 2170 1683 2214 et
1710 2164 1916 2231 origine
1944 2165 2213 2232 episcopa-

275 2243 382 2299 tus,
403 2236 776 2304 prudentiores
797 2235 1033 2286 ecclesiae
1052 2235 1302 2286 dixerunt
1324 2236 1369 2286 01
1395 2238 1655 2286 Sanctum
1676 2237 1889 2288 Oswald
1899 2256 1988 2287 um
2013 2256 2194 2304 regem
2199 2279 2213 2301 ,

278 2309 444 2360 ascito
474 2310 674 2360 Sancto
702 2308 914 2359 Aidano
946 2309 1011 2359 de
1042 2309 1240 2371 Scotia,
1270 2308 1451 2359 sedem
1479 2309 1832 2376 episcopalem
1858 2309 1915 2359 111
1943 2310 2211 2360 Lindifar-

275 2382 429 2432 nensi
455 2382 632 2432 insula
657 2381 906 2449 primitus
933 2381 1251 2443 instituisse,
1294 2387 1347 2431 et
1374 2381 1422 2431 ei
1448 2381 1673 2432 dedisse.
1751 2382 2022 2433 Dixerunt
2050 2383 2212 2433 etiam

275 2455 542 2521 quomodo
568 2473 661 2506 rex
687 2453 944 2521 ngridus
978 2460 1033 2504 et
1059 2453 1371 2505 Theodorus
1407 2454 1837 2522 archiepiscopus
1862 2455 2112 2518 invitum,
2149 2456 2214 2507 (10

275 2527 514 2578 solitaria
538 2527 648 2579 vita
674 2532 993 2588 extractum,
1025 2526 1335 2593 episcopum
1368 2526 1612 2577 fecerunt
1629 2548 1643 2589 3
1687 2534 1741 2578 et
1767 2534 1968 2595 quanta
1994 2546 2211 2579 venera-

274 2599 423 2651 tione
460 2600 526 2651 ab
569 2600 758 2652 eodem
791 2617 917 2666 rege
944 2599 1073 2649 dum
1100 2599 1231 2650 vixit
1260 2617 1469 2666 semper
1504 2599 1819 2662 habebatur,
1863 2606 1916 2651 et
1959 2620 1989 2651 a
2028 2601 2210 2652 subse-

275 2672 567 2739 quentibus
595 2672 915 2723 Christianis
940 2671 1157 2739 regibus
1184 2677 1305 2739 post
1332 2678 1561 2723 mortem
1584 2679 1847 2740 quantum
1867 2673 2209 2740 diligebatur,

275 2751 329 2796 01
356 2745 721 2795 honorabatur
737 2766 751 2808 3
793 2751 847 2795 et
883 2744 1152 2811 quomodo
1183 2744 1364 2794 omnia
1399 2745 1465 2795 ad
1500 2762 1623 2795 011111
1649 2745 1979 2812 pertinentia
2005 2764 2212 2813 semper

276 2817 715 2884 augmentabant,
745 2822 799 2867 et
840 2835 936 2867 sua
977 2816 1298 2868 auctoritate
1331 2817 1738 2879 confirmabant,
1775 2823 1835 2868 ut
1870 2818 1928 2867 in
1954 2826 2211 2886 perpetua

271 2889 540 2952 libertate,
577 2894 631 2940 et
657 2888 1015 2956 quietitudine
1040 2895 1437 2956 permanerent,
1479 2894 1533 2940 et
1561 2907 1683 2940 cum
1709 2890 1958 2940 omnibus
1986 2909 2208 2942 consue-

274 2961 573 3024 tudinibus,
601 2966 663 3011 ut
689 2961 793 3028 ipsi
817 2961 876 3010 in
903 2980 999 3011 sua
1025 2979 1190 3011 manu
1216 2961 1534 3012 habuerant.

387 3034 520 3085 Haec
549 3051 670 3084 cum
698 3051 789 3085 rex
818 3039 871 3084 et
900 3033 1004 3083 alia
1029 3033 1204 3083 multa
1224 3033 1476 3096 audisset,
1505 3033 1717 3100 propria
1737 3052 1902 3084 manu
1930 3052 2051 3084 cum
2081 3053 2210 3086 auro

276 3113 329 3158 et
362 3106 526 3174 pallio
560 3106 958 3172 imperpetuum
1000 3105 1258 3156 servanda
1290 3105 1481 3155 tribuit
1516 3105 1681 3156 libere
1717 3113 1770 3157 et
1806 3107 1984 3173 quiete
2012 3108 2128 3158 Deo
2156 3114 2210 3158 et

276 3181 475 3230 Sancto
497 3178 800 3230 Cuthberto
822 3185 875 3229 et
896 3177 1181 3228 Walchero
1203 3177 1466 3245 episcopo,
1489 3178 1785 3242 Waltham,
1810 3197 1932 3229 cum
1959 3180 2209 3231 omnibus

276 3251 596 3319 appenditiis
634 3250 743 3301 suis
761 3272 775 3313 3
815 3250 961 3301 dedit
997 3256 1051 3300 et
1090 3250 1110 3299 l
1152 3250 1457 3301 mansiones
1496 3249 1553 3300 in
1590 3250 1843 3302 Lindesei
1860 3273 1874 3314 3
1918 3258 1972 3303 et
2014 3253 2211 3320 adjecit

275 3330 461 3391 postea
486 3323 764 3374 Willelmo
792 3322 1038 3389 episcopo
1064 3322 1435 3373 Welletunam
1463 3328 1516 3373 et
1546 3324 1857 3386 Hovedene,
1887 3342 2009 3375 011111
2037 3325 2208 3375 omni-

274 3397 375 3447 bus
401 3396 510 3447 suis
537 3395 878 3464 appenditiis,
907 3412 1029 3445 cum
1050 3412 1172 3444 saca
1198 3400 1251 3445 et
1279 3412 1439 3445 socna
1466 3401 1519 3446 et
1546 3396 1796 3447 omnibus
1816 3397 2041 3464 legibus,
2071 3397 2210 3447 sicut

276 3477 330 3520 ct
369 3470 483 3536 ipse
527 3468 586 3519 in
630 3467 843 3535 propria
887 3485 1053 3517 manu
1093 3466 1298 3517 habuit.
1379 3468 1494 3518 Isto
1541 3468 1729 3519 eodem
1770 3487 1897 3536 rege
1932 3469 2209 3520 Wisselmo

275 3542 531 3592 laudante
559 3546 613 3592 et
639 3540 984 3602 concedente,
1007 3539 1278 3605 AEdgarus
1304 3557 1398 3590 rex
1427 3541 1623 3591 Scotiae
1649 3541 1866 3592 donavit
1894 3548 1947 3593 et
1974 3541 2209 3593 reddidit

279 3615 478 3666 Sancto
518 3613 819 3665 Cuthberto
861 3619 914 3664 et
957 3611 1232 3663 Willelmo
1278 3612 1523 3680 episcopo
1561 3613 1619 3663 in
1659 3613 1933 3665 Lodoneio
1972 3614 2210 3666 Berewic
