2384 4126
728 395 1004 430 ExcERPTA
1044 396 1075 428 E
1118 394 1356 428 sommus
1397 394 1650 428 TUReo'rI.
2038 382 2144 431 259

324 525 457 574 Erat
498 522 644 574 enim
684 522 832 573 locus
873 522 964 573 ille
1008 520 1328 572 naturaliter
1366 520 1423 570 in
1467 538 1522 571 se
1559 520 1972 584 munitissimus,
2015 522 2143 573 den-

218 596 429 646 sissima
472 595 604 645 silva
648 594 1024 657 circumdatus,
1069 592 1353 661 praeruptis
1397 592 1622 660 rupibus
1665 593 2046 659 praemunitus:
2087 594 2144 644 in

220 668 372 735 cujus
411 667 587 718 medio
633 671 747 718 erat
790 672 1016 717 venusta
1064 665 1331 733 planitieS,
1384 665 1547 715 etiam
1597 664 1816 732 rupibus
1862 671 1916 716 et
1959 665 2145 715 rivulis

217 739 444 803 munita,
472 739 550 790 ita
576 738 719 805 quod
746 738 810 788 de
838 756 900 789 ea
926 738 1131 789 dictum
1158 755 1270 788 esse
1295 743 1593 805 putaretur,

739 864 842 905 Non
862 864 1026 905 homini
1048 863 1194 914 facilis,
1214 863 1285 904 vix
1306 864 1500 904 adeunda
1521 863 1631 906 feris.

1145 1153 1212 1204 V.

327 1288 432 1338 Dea
470 1287 702 1350 illorum,
742 1287 1014 1354 magnifici
1051 1287 1296 1338 videlicet
1332 1287 1469 1354 regis
1510 1287 1790 1338 Malcolmi
1825 1293 1879 1338 et
1924 1288 2144 1339 celebris

218 1359 435 1426 reginae,
462 1360 722 1410 virtutum
750 1360 1016 1427 operibus,
1040 1366 1093 1411 et
1119 1360 1560 1410 eleemosinarum
1587 1360 1889 1426 largitione,
1923 1360 2063 1411 sicut
2088 1361 2146 1410 in

219 1432 472 1498 Legenda
488 1432 610 1482 vitae
629 1432 798 1482 beatae
819 1432 1036 1499 reginaeb
1058 1434 1325 1499 Turgotus
1347 1438 1596 1494 testatur,
1614 1432 1702 1482 hic
1721 1432 1899 1499 aliqua
1911 1433 2147 1484 breviter

217 1504 470 1567 recitabo,
513 1504 665 1554 Sicut
711 1504 853 1555 enim
895 1504 1068 1555 David
1109 1504 1368 1571 propheta
1405 1504 1462 1553 in
1507 1505 1722 1555 Psalmo
1763 1504 1974 1567 cecinit,
2020 1506 2146 1556 Cum

215 1582 397 1627 sancto
424 1582 639 1627 sanctus
664 1577 768 1627 eris
789 1586 827 1635 ,·⁶
865 1576 939 1627 sic
966 1583 1019 1627 et
1045 1577 1155 1643 ipse
1181 1594 1274 1626 rex
1306 1595 1335 1626 a
1361 1582 1546 1626 sancta
1578 1576 1763 1642 regina
1790 1577 1987 1627 sanctis
2021 1595 2144 1643 ope-

216 1648 363 1698 ribus
392 1648 514 1709 frui,
545 1654 597 1699 et
620 1648 858 1698 animum
887 1648 951 1699 ab
972 1648 1188 1715 iniquiS,
1211 1648 1325 1715 ejus
1346 1648 1583 1709 hortatu,
1604 1655 1666 1698 ut
1683 1648 1983 1699 verificetur
2004 1649 2146 1715 quod

217 1720 423 1770 dixerat
444 1720 662 1782 Paulus,
687 1722 794 1771 Per
810 1722 1072 1771 mulierem
1087 1720 1299 1786 fidelem
1325 1719 1747 1785 sanctificabitur
1771 1721 1853 1771 vir
1879 1720 2149 1786 &fideliss

218 1791 405 1842 didicit
464 1792 762 1842 refraenare.
858 1792 1135 1842 Nimirum
1196 1796 1230 1819 “
1251 1792 1425 1859 ipsam
1490 1798 1603 1841 tam
1653 1792 1970 1843 venerabilis
2022 1793 2146 1844 vitae

218 1868 252 1891 “
272 1864 533 1930 reginam,
562 1864 816 1930 quoniam
842 1864 899 1914 in
931 1865 1043 1932 ejus
1081 1864 1235 1915 corde
1263 1864 1540 1915 Christum
1566 1863 1868 1915 inhabitare
1895 1883 2145 1932 prospex-

219 1940 253 1962 “
276 1941 406 1998 erat,
446 1936 536 1987 ille
573 1936 965 2003 quodammodo
999 1935 1321 1987 formidabat
1360 1935 1647 1997 offendere,
1688 1936 1780 1987 sed
1805 1937 1984 2003 potius
2009 1938 2146 1988 votis

220 2012 253 2034 “
276 2008 388 2075 ejus
425 2013 479 2058 et
513 2008 867 2075 prudentibus
895 2008 1129 2059 consiliis
1170 2026 1265 2075 per
1299 2008 1480 2058 omnia
1516 2008 1738 2059 celerius
1775 2009 1989 2060 obedire
2024 2028 2144 2076 pro-

219 2084 253 2107 “
274 2080 509 2146 perabat.
589 2080 723 2131 Quae
759 2080 921 2131 etiam
955 2081 1070 2147 ipsa
1102 2086 1394 2148 respuerat,
1435 2080 1619 2130 eadem
1648 2080 1839 2147 etipse
1864 2098 2113 2148 respuere
2130 2103 2144 2144 3

221 2157 255 2180 “
278 2159 331 2202 et
358 2170 475 2219 quae
503 2152 731 2214 amabat,
761 2170 939 2203 amore
964 2153 1108 2202 illius
1137 2170 1331 2203 amare.
1410 2152 1571 2203 Unde
1593 2158 1646 2203 et
1672 2152 1853 2215 libros,
1876 2153 1933 2202 in
1954 2153 2145 2220 quibus

220 2223 389 2290 “ipsa
426 2225 510 2274 vel
551 2242 701 2275 orare
743 2231 1088 2275 consueverat
1125 2224 1207 2275 vel
1240 2225 1435 2290 legere,
1474 2224 1582 2286 ille,
1622 2224 1748 2274 licet
1779 2224 2000 2290 ignarus
2026 2226 2144 2276 litc-

219 2300 253 2322 “
274 2314 472 2358 rarum,
514 2314 652 2363 saepe
686 2314 852 2346 manu
877 2315 1085 2347 versare
1125 2296 1329 2347 solebat
1365 2303 1418 2347 et
1456 2295 1732 2363 inspicere.
1809 2297 1881 2346 Et
1915 2297 2045 2347 dum
2082 2297 2147 2348 ab

219 2372 338 2417 “ea
380 2368 497 2434 quis
544 2385 728 2418 eorum
769 2374 909 2419 esset
954 2368 1125 2419 carior
1167 2368 1420 2431 audisset,
1459 2367 1603 2418 hunc
1648 2374 1701 2418 et
1741 2367 1853 2434 ipse
1889 2369 2147 2420 cariorem

220 2444 254 2467 “
277 2439 470 2490 habere
498 2440 673 2507 coepit,
715 2446 768 2491 et
796 2440 985 2507 saepius
1014 2440 1312 2491 deosculari
1340 2448 1392 2490 et
1420 2446 1752 2490 contrectare
1778 2461 1786 2490 :
1830 2441 2148 2508 quandoque

220 2516 254 2539 “
276 2512 437 2562 etiam
496 2512 750 2563 advocato
808 2513 1039 2575 aurifice,
1097 2512 1276 2579 ipsum
1333 2511 1568 2562 codicem
1621 2529 1750 2562 auro
1815 2513 2147 2580 gemmisque

220 2589 256 2611 “
277 2583 551 2650 perornari
590 2584 858 2651 praecepit,
914 2591 1072 2651 atque
1110 2590 1453 2651 perornatum
1491 2583 1604 2650 ipse
1641 2602 1733 2634 rex
1780 2584 1846 2634 ad
1886 2585 2145 2652 reginam,

221 2660 255 2684 ‘⁶
278 2655 428 2722 quasi
455 2673 564 2706 suae
592 2656 887 2706 devotionis
913 2656 1189 2719 indicium,
1229 2656 1426 2707 referre
1454 2656 1808 2706 consuevit.”⁶

332 2727 591 2778 “·Didicit
633 2734 686 2778 et
727 2728 841 2795 ejus
884 2729 1126 2796 exemplo
1157 2728 1364 2795 vigilias
1399 2727 1571 2778 noctis
1607 2727 1914 2795 frequenter
1947 2729 2147 2779 orando

222 2805 257 2828 “
278 2800 584 2866 producere,
607 2807 660 2851 et
688 2817 806 2850 cum
836 2801 1042 2867 gemitu
1069 2801 1239 2851 cordis
1261 2807 1314 2851 et
1334 2800 1583 2867 lacrymis
1606 2799 1944 2851 devotissime
1972 2802 2149 2852 Deum

223 2876 256 2899 “
278 2889 443 2923 orare.
523 2872 772 2935 Fateor,”
819 2873 994 2939 inquit
1039 2874 1328 2939 Turgotus,
1370 2872 1597 2923 “fateor
1641 2890 1899 2939 magnum
1944 2873 2150 2924 miseri-

222 2948 256 2971 “
280 2943 472 2994 cordiae
499 2944 603 2995 Dei
628 2944 949 2995 miraculum
975 2945 1226 3007 mirabar,
1249 2962 1372 2995 cum
1392 2944 1625 2995 viderem
1646 2944 1921 2995 interdum
1941 2951 2149 2995 tantam

224 3015 468 3065 “orandi
508 3016 647 3083 regis
691 3016 1066 3079 intentionem,
1106 3023 1315 3067 tantam
1358 3016 1501 3067 inter
1545 3016 1805 3067 orandum
1841 3016 1897 3066 in
1938 3023 2151 3084 pectore

222 3092 256 3115 “
277 3087 376 3137 viri
402 3088 668 3138 saecularis
697 3087 1250 3155 compunctionem.”f

331 3164 365 3186 “
387 3160 456 3209 In
485 3159 948 3227 Quadragesimali
977 3167 1237 3227 tempore,
1278 3166 1331 3211 et
1358 3159 1543 3211 diebus
1579 3160 1858 3211 Adventus
1888 3166 2010 3212 ante
2037 3161 2148 3212 Do-

223 3231 537 3281 “minicum
575 3232 809 3295 natale,⁷'
865 3233 969 3283 nisi
1007 3234 1178 3300 major
1223 3232 1490 3284 saecularis
1532 3232 1811 3299 occupatio
1850 3232 2150 3299 impediret,

305 3433 322 3505 Ξ
351 3426 625 3531 {gledlggerifd’
634 3427 939 3519 1126Ξ1321ἒ16116<1
958 3480 1003 3519 to
1023 3479 1059 3519 is
1078 3479 1152 3519 the
1172 3479 1267 3519 Life
1284 3480 1329 3520 of
1346 3479 1496 3529 Queen
1516 3479 1749 3531 Margaret,
1766 3479 1906 3519 which
1925 3479 1961 3519 is
1982 3479 2152 3531 printed

219 3537 266 3577 in
285 3537 359 3577 the
379 3537 551 3586 present
570 3534 753 3582 volume,
784 3534 891 3573 from
912 3533 1051 3573 which
1071 3534 1145 3574 the
1171 3547 1363 3587 passages
1384 3535 1566 3574 denoted
1586 3536 1643 3586 by
1662 3534 1856 3573 inverted
1876 3547 2061 3574 commas
2081 3547 2152 3575 are

221 3591 448 3631 extracted.

304 3652 318 3669 ⁰
348 3645 491 3685 Psalm
512 3643 611 3683 xvii.
634 3646 701 3684 26.
1147 3642 1166 3665 ‘¹
1195 3646 1218 3682 1
1241 3643 1336 3683 Cor.
1358 3643 1429 3683 vii.
1454 3646 1517 3684 14.

305 3709 319 3724 ⁶
350 3714 389 3751 p.
412 3702 491 3739 241
517 3699 563 3738 of
589 3698 675 3737 this
696 3698 876 3737 volume.
1141 3696 1165 3727 f
1190 3711 1229 3748 p.
1252 3701 1345 3738 241.

1778 3757 1860 3804 s2
