2384 4126
750 336 1016 370 HISTORIAE
1057 335 1509 369 RECAHTULArIo.
2022 321 2088 372 '73

170 463 371 531 judicio
397 463 512 530 ipso
538 469 785 530 tyrannO,
822 463 936 513 sine
964 461 1098 513 duce
1124 467 1469 524 remanserat,
1502 460 1695 522 occiso,
1736 460 1874 511 sicut
1901 479 2084 528 supra-

174 535 378 585 dictum
422 541 520 597 est,
559 534 674 601 ipso
718 534 985 585 Halfdene
1021 540 1074 584 et
1112 534 1316 599 Inguar
1354 550 1477 583 cum
1514 532 1641 599 xxiij
1683 532 1907 582 navibus
1947 534 2087 599 apud

175 606 536 656 Domnaniam
572 624 601 656 a
634 605 894 656 ministris
921 605 1126 656 Elfredi
1150 603 1334 670 regis.'⁶
1410 604 1442 653 J
1448 621 1533 654 am
1560 603 1794 653 subactis
1824 603 1925 654 sibi
1950 604 2086 654 indi-

175 678 323 744 genis
350 684 524 739 terrae,
545 677 843 727 dominium
868 676 1164 743 usurpavit,
1196 676 1375 742 ibique
1400 692 1615 725 manere
1640 674 1864 741 paravit,
1893 681 1946 726 et
1971 693 2087 725 vas-

173 756 312 799 tatas
351 749 756 800 Northumbriae
793 748 1089 815 provincias
1133 747 1382 798 incolere.
1458 747 1608 797 Tunc
1648 747 1877 797 Sanctus
1917 747 2086 797 Cuth-

172 820 355 871 bertus
383 820 564 871 abbati
587 820 832 871 Eadredo
861 820 972 887 (qui
998 837 1092 887 pro
1118 837 1179 870 eo
1207 819 1347 885 quod
1372 818 1429 867 in
1450 818 1588 868 Luel
1613 817 1875 868 habitavit
1901 818 2087 869 Lulisc

175 892 669 959 cognominabatur)
706 892 974 954 assistens,
1015 909 1109 958 per
1148 891 1405 941 visionem
1445 889 1717 956 praecepit,
1756 895 1818 939 ut
1844 890 2089 956 episcopo

179 970 232 1015 et
270 963 416 1014 omni
455 964 711 1015 exercitui
740 964 1043 1030 Anglorum
1069 969 1228 1029 atque
1266 963 1546 1013 Danorum
1583 961 1799 1022 diceret,
1840 961 2092 1028 quatinus

176 1036 515 1086 Guthredum
551 1035 721 1085 filium
758 1035 1091 1097 Hardecnut,
1134 1052 1293 1101 quem
1331 1034 1476 1084 Dani
1505 1033 1853 1084 vendiderant
1887 1033 1944 1083 in
1980 1051 2087 1084 ser-

174 1126 301 1158 vum
322 1107 531 1158 cuidam
549 1107 721 1158 viduae
743 1107 884 1174 apud
902 1106 1361 1173 Hwitinghaham,
1379 1106 1505 1155 dato
1525 1105 1714 1171 pretio,
1731 1105 2055 1156 redimerent
2072 1126 2087 1167 3

173 1186 226 1230 et
252 1179 586 1246 redemptum
614 1179 715 1229 sibi
738 1179 796 1229 in
820 1196 1001 1245 regem
1026 1179 1264 1229 levarent
1280 1198 1294 1239 3
1327 1177 1675 1243 regnavitque
1702 1195 1860 1243 super
1885 1177 2087 1227 Ebora-

177 1269 300 1302 cum
317 1272 331 1313 3
373 1251 576 1317 Egbert
601 1268 724 1301 vero
752 1268 910 1317 super
934 1249 1351 1300 Northimbros.l
1426 1248 1585 1301 Quod
1623 1248 1826 1298 factum
1864 1255 1945 1299 est
1982 1256 2089 1299 tre-

178 1323 384 1373 decimo
420 1340 560 1373 anno
599 1322 752 1388 regni
777 1321 1004 1372 AElfredi
1042 1321 1200 1387 regis.
1279 1320 1593 1370 Guthredom
1622 1320 1804 1386 itaque
1843 1338 1905 1370 ex
1945 1338 2094 1371 servo

178 1394 418 1444 omnium
469 1412 731 1444 consensu
779 1394 835 1443 in
880 1411 1060 1459 regem
1103 1398 1367 1459 promoto,
1410 1392 1557 1442 sedes
1598 1392 1927 1458 episcopalis,
1975 1410 2093 1458 quae

176 1467 323 1533 prius
351 1471 464 1516 erat
490 1466 547 1515 in
574 1465 1001 1516 Lindisfarnensi
1025 1464 1216 1526 insula,
1260 1464 1591 1513 instauratur
1631 1463 1689 1512 in
1730 1464 1929 1525 Cestre,
1975 1481 2092 1529 quae

178 1537 473 1603 antiquitus
493 1537 783 1587 vocabatur
803 1536 1144 1597 Cunecestre,
1171 1541 1292 1602 post
1319 1541 1522 1601 septem
1549 1552 1715 1584 annos
1743 1535 2090 1601 transmigra-

177 1609 339 1659 tionis
386 1627 448 1659 ex
497 1608 671 1658 insula
714 1607 1155 1658 Lindisfarnensi.
1247 1608 1348 1657 Est
1395 1612 1574 1656 autem
1623 1605 1771 1656 locus
1816 1606 1908 1656 ille
1951 1607 2094 1657 inter

180 1680 512 1731 Dunelmum
537 1686 590 1730 et
616 1679 979 1740 Extoldesam,
1021 1696 1110 1729 sex
1142 1677 1379 1728 millibus
1406 1695 1662 1744 passuum
1690 1677 1893 1727 distans
1922 1696 1952 1727 a
1977 1678 2092 1728 Du-

176 1752 371 1803 nelmo.
446 1752 597 1801 Tunc
637 1756 690 1802 et
727 1751 901 1816 legem
943 1750 1099 1817 paciS,
1140 1767 1300 1816 quam
1339 1749 1452 1815 ipse
1493 1750 1721 1799 Sanctus
1760 1749 2092 1799 Cuthbertus

175 1842 269 1890 per
307 1822 622 1890 praedictum
663 1822 908 1873 abbatem
948 1821 1311 1883 mandaverat,
1350 1827 1412 1870 ut
1452 1821 1656 1871 scilicet
1692 1821 1994 1887 quicunque
2028 1822 2095 1871 ad

178 1913 368 1961 corpus
393 1894 536 1944 illius
565 1894 882 1960 confugerit,
914 1911 1099 1961 pacem
1132 1911 1162 1942 a
1198 1893 1348 1943 nullo
1375 1892 1772 1959 infringendam
1798 1910 1892 1958 per
1916 1893 2091 1960 xxxvij

176 1967 286 2017 dies
338 1966 548 2028 habeat,
609 1972 722 2016 tam
777 1984 870 2016 rex
928 1964 1239 2016 Guthredus
1298 1982 1458 2030 quam
1515 1982 1607 2015 rex
1663 1963 1917 2014 Alfredus
1974 1982 2091 2031 per-

176 2044 338 2106 petuo
365 2038 781 2089 conservandam
814 2038 1214 2088 confirmarunt.
1295 2037 1473 2087 Quam
1500 2036 1543 2086 si
1571 2035 1855 2103 quisquam
1882 2053 2095 2103 quoquo

175 2110 334 2160 modo
359 2109 653 2172 violaverit,
682 2109 819 2159 sicut
844 2127 1028 2175 pacem
1053 2108 1194 2175 regis
1219 2108 1463 2170 fractam,
1502 2107 1799 2173 nonaginta
1826 2125 1917 2157 sex
1943 2107 2093 2157 libris

176 2182 517 2232 multandum
544 2187 883 2231 censuerunt.
959 2181 1047 2231 Ad
1071 2180 1190 2242 1100,
1212 2179 1269 2229 111
1297 2185 1646 2246 augmentum
1671 2179 1861 2245 prioris
1891 2179 2093 2245 episco-

176 2260 352 2321 patus,
404 2259 575 2303 totam
624 2253 765 2303 inter
808 2253 956 2319 Tyne
998 2258 1051 2302 et
1095 2251 1303 2302 Teisam
1346 2250 1557 2317 praefati
1607 2250 1712 2300 duo
1755 2268 1904 2317 reges
1947 2251 2096 2300 omni

175 2343 439 2376 consensu
476 2325 674 2374 Sancto
716 2323 1015 2374 Cuthberto
1053 2329 1249 2373 terram
1287 2329 1544 2389 perpetuo
1583 2321 1956 2388 possidendam
2002 2322 2092 2372 ad-

174 2398 442 2448 diderunt.
522 2396 845 2462 Quicunque
884 2401 1065 2445 autem
1101 2394 1213 2445 11000
1252 2400 1456 2444 statuta
1494 2411 1830 2460 quocumque
1875 2393 2094 2460 ingenio

177 2469 469 2534 infringere
495 2467 852 2534 temptaverit,
891 2467 1035 2517 hunc
1061 2465 1409 2516 infernalibus
1438 2465 1608 2532 poenis
1629 2465 1950 2515 tradendum
1976 2483 2094 2532 per-

174 2547 336 2608 petuo
365 2539 703 2590 anathemate
730 2538 1107 2605 dampnarunt.
1174 2538 1297 2587 Jam
1324 2537 1467 2588 enim
1493 2537 1665 2587 multo
1688 2543 1811 2587 ante
1831 2537 2095 2588 defecerat

177 2612 512 2679 episcopatus
542 2610 991 2678 Hagustaldensis
1017 2609 1269 2661 ecclesiae.

260 2799 275 2824 '²
308 2798 409 2838 This
428 2798 557 2839 refers
583 2799 627 2837 to
653 2797 726 2838 the
747 2810 973 2838 erroneous
993 2797 1173 2837 account
1193 2794 1239 2835 of
1263 2795 1336 2835 the
1357 2794 1503 2835 deaths
1524 2795 1570 2834 of
1595 2794 1761 2847 Inguar
1780 2795 1862 2834 and
1884 2794 2096 2835 Halfdene

176 2854 301 2906 given
332 2855 473 2903 above,
503 2864 592 2893 A.D.
613 2852 705 2895 877.
766 2852 842 2892 See
875 2854 976 2892 note
1007 2852 1144 2891 under
1175 2851 1270 2890 that
1298 2863 1411 2902 year.
1471 2849 1668 2901 Symeon,
1698 2850 1745 2889 in
1764 2850 1831 2889 his
1852 2850 2034 2902 History
2055 2850 2101 2890 of

175 2910 250 2949 the
282 2908 455 2948 Church
487 2908 533 2948 of
556 2908 766 2957 Durham,
797 2907 912 2958 gives
944 2920 998 2946 an
1032 2908 1212 2946 account
1243 2906 1289 2945 of
1314 2905 1388 2945 the
1417 2905 1542 2944 death
1568 2906 1614 2944 of
1639 2905 1865 2955 Halfdene,
1894 2905 1967 2945 the
2001 2918 2097 2955 par-

174 2964 349 3004 ticulars
380 2964 426 3003 of
449 2962 588 3002 which
620 2975 689 3003 are
719 2962 889 3002 derived
916 2963 1025 3002 from
1052 2962 1126 3001 the
1147 2960 1342 3000 Historia
1362 2960 1412 2999 de
1433 2959 1587 2999 Sancto
1609 2960 1861 3009 Cuthberto,
1892 2960 1975 2999 and
1996 2961 2098 2999 fixes

176 3020 249 3059 the
269 3019 364 3058 date
383 3018 670 3068 immediately
688 3017 885 3068 previous
904 3019 948 3057 to
968 3017 1042 3057 the
1062 3016 1269 3056 elevation
1290 3016 1335 3055 of
1361 3015 1559 3055 Guthred
1577 3017 1622 3055 to
1641 3015 1714 3055 the
1735 3015 1901 3065 throne,
1931 3015 2097 3054 instead

177 3074 223 3114 of
246 3072 511 3124 interposing
530 3085 584 3111 an
603 3072 901 3123 interregnum
921 3072 967 3112 of
992 3072 1072 3111 five
1091 3084 1224 3122 ys,ear
1254 3083 1298 3109 as
1318 3070 1362 3109 in
1384 3069 1522 3109 Asser.

262 3128 273 3152 ²
303 3128 349 3167 If
373 3128 437 3178 E<
423 3129 534 3167 bert
554 3127 615 3167 II.
638 3127 723 3166 still
742 3127 872 3176 lived,
889 3127 941 3167 he
961 3130 1076 3166 must
1096 3126 1201 3165 have
1220 3124 1356 3165 been
1345 3138 1391 3163 1n
1412 3125 1486 3164 the
1506 3124 1681 3164 seventh
1703 3137 1749 3164 or
1768 3123 1917 3175 eighth
1936 3137 2036 3175 year
2056 3123 2105 3163 of

179 3182 246 3222 his
264 3182 398 3233 reign,
412 3182 595 3222 whereas
614 3182 687 3222 the
708 3160 918 3222 Chronica
936 3181 1180 3232 Anglorum
1200 3180 1387 3231 prefixed.
1406 3182 1451 3219 to
1470 3180 1544 3219 the
1564 3179 1744 3231 History
1760 3180 1805 3218 of
1830 3179 1903 3219 the
1924 3179 2098 3219 Church

180 3237 226 3277 of
250 3237 445 3277 Durham
465 3236 625 3288 assigns
645 3237 733 3276 him
755 3249 779 3275 a
797 3236 919 3287 reign
940 3236 986 3276 of
1011 3236 1112 3287 only
1131 3239 1214 3274 two
1234 3247 1365 3285 y.ears

280 3293 559 3331 Guthredus
585 3306 634 3330 ex
663 3306 729 3330 seo
730 3305 777 3330 vo
795 3293 945 3343 factus
976 3295 1036 3330 est
1064 3305 1150 3330 rex.
1209 3291 1293 3328 st
1319 3290 1568 3340 temporibus
1592 3290 1705 3327 sedes
1725 3289 1972 3340 episcopalis
1992 3289 2098 3326 Lin-

178 3346 449 3397 disfasrnensis
467 3347 611 3385 insulae
631 3360 755 3397 usque
775 3348 831 3384 ad
857 3347 1158 3384 Cunecestriam
1178 3348 1462 3383 transmutata
1481 3348 1553 3383 est.
1612 3343 1665 3382 In
1684 3344 1757 3383 the
1770 3342 1948 3393 margin.
2007 3342 2098 3382 The

181 3412 292 3438 same
321 3400 454 3439 words
487 3413 555 3439 are
588 3400 869 3451 interpolated
902 3400 994 3440 into
1024 3402 1120 3450 part
1153 3399 1194 3448 i.,
1239 3400 1318 3439 but
1352 3398 1535 3438 without
1569 3410 1652 3449 any
1685 3397 1946 3448 particulars.
2006 3397 2098 3436 The

181 3453 327 3493 details
347 3453 391 3492 in
411 3454 497 3493 this
517 3455 676 3494 Section
695 3467 765 3494 are
784 3455 912 3494 taken
940 3455 1049 3494 from
1079 3455 1153 3494 the
1174 3453 1356 3505 History
1376 3454 1422 3493 of
1446 3453 1520 3492 the
1542 3452 1661 3492 Chm
1664 3453 1717 3492 ch
1739 3452 1785 3492 of
1809 3451 2016 3500 Durham,
2037 3450 2099 3500 ii„

183 3511 247 3557 13,
278 3508 350 3547 the
371 3507 550 3559 original
570 3521 716 3549 source
735 3509 862 3560 being
882 3510 955 3549 the
976 3509 1168 3549 Historia
1188 3509 1237 3548 de
1260 3508 1412 3548 Sancto
1434 3507 1683 3548 Cuthberto.
