2384 4126
845 369 1102 403 HISTORIA
1142 369 1352 402 REGUM.
1987 357 2053 404 55

137 494 356 562 pepigit,
404 512 466 545 ea
516 494 821 545 conditione
866 500 927 544 ut
972 494 1037 545 ab
1080 495 1194 562 ejus
1236 511 1403 561 regno
1447 494 1798 558 discederent,
1844 495 2054 546 obsides

139 566 458 632 accipiendo.
536 566 648 633 Ipsi
686 584 829 629 vero,
871 584 1017 617 more
1059 566 1215 617 solito
1256 565 1466 617 obsides
1510 572 1564 617 et
1598 567 1906 634 juramenta
1944 585 2053 617 non

138 643 424 700 servantes,
469 644 626 688 nocte
654 637 898 704 quadam,
935 637 1133 688 foedere
1169 637 1399 704 dirupto,
1437 637 1504 688 ad
1540 638 1941 689 Exancestriam
1973 638 2049 687 di-

134 714 423 771 verterunt,
478 709 619 778 quod
659 709 996 760 Brittannice
1041 709 1237 760 dicitur
1281 709 1546 773 Cairwisc,
1594 709 1807 773 Latine,
1850 709 2052 760 Civitas

133 779 453 848 Aquarum.'²

916 938 1257 973 DCCCLXXVII.

242 1028 403 1078 Anno
429 1026 727 1078 Dominicae
752 1026 1136 1078 incarnationis
1171 1027 1506 1095 Dccc.lxxvij,
1541 1028 1836 1080 nativitatis
1871 1035 2051 1080 autem

134 1099 341 1150 Elfredi
384 1099 543 1167 xxvij,
595 1099 858 1150 exercitus
907 1099 1020 1166 ipse
1063 1099 1326 1150 nefandus
1370 1100 1697 1152 Exancester
1747 1101 2049 1168 dereliquit,

139 1171 471 1238 Cippanham
498 1171 702 1237 regiam
727 1171 908 1221 villam
936 1170 1085 1232 adiit,
1124 1171 1304 1238 ibique
1344 1171 1616 1223 hiemavit.
1694 1172 1902 1223 AElfred
1928 1191 2052 1224 vero

135 1261 224 1294 rex
253 1243 337 1293 his
364 1243 549 1293 diebus
575 1261 797 1308 magnas
824 1242 1078 1292 sustinuit
1103 1242 1476 1294 tribulationes
1497 1250 1549 1294 et
1568 1244 1865 1311 inquietam
1886 1244 2051 1295 vitam

137 1313 361 1381 agebat.i
435 1315 549 1365 Rex
576 1314 843 1376 ElfreduS,
878 1320 1000 1380 apto
1040 1314 1369 1365 confortatus
1407 1315 1620 1366 oraculo
1657 1334 1752 1383 per
1791 1317 2051 1366 Sanctum

136 1385 512 1448 Cuthbertum,
556 1392 741 1436 contra
777 1386 961 1436 Danos
994 1386 1268 1452 pugnavit,
1311 1391 1365 1437 et
1406 1386 1497 1449 sic,
1533 1404 1637 1454 quo
1674 1388 1786 1454 ipse
1822 1388 2050 1438 Sanctus

130 1458 363 1525 jusserat
402 1463 641 1524 tempore
683 1463 736 1508 et
772 1457 908 1519 loco,
935 1456 1158 1507 victoria
1181 1457 1384 1523 potitus
1410 1463 1508 1521 est,
1551 1476 1862 1526 semperque
1901 1459 2050 1510 dein-

138 1548 259 1596 ceps
294 1528 537 1579 hostibus
571 1528 825 1579 terribilis
864 1534 917 1579 et
954 1528 1279 1579 invincibilis
1317 1535 1449 1589 erat,
1491 1530 1854 1597 Sanctumque
1881 1531 2051 1581 Cuth-

134 1601 347 1652 bertum
399 1599 661 1667 praecipue
711 1599 902 1650 honori
951 1599 1253 1651 habuerat.j
1342 1600 1590 1652 Qualiter
1637 1601 1819 1652 hostes
1867 1601 2053 1653 vicerit

136 1672 293 1740 paulo
320 1678 438 1738 post
465 1671 550 1721 hic
576 1671 789 1737 legitur.

246 1743 451 1794 Eodem
479 1742 706 1810 denique
734 1759 873 1792 anno
900 1742 1104 1808 Inguar
1130 1748 1183 1792 et
1212 1742 1514 1793 Healfdene
1549 1760 1671 1794 cum
1705 1743 1788 1794 bis
1816 1743 1966 1795 denis
1994 1762 2053 1795 ac

136 1815 303 1866 ternis
323 1814 563 1876 navibus,
593 1814 657 1865 de
677 1813 958 1864 Demetica
982 1813 1217 1880 regione,
1238 1814 1294 1863 in
1322 1832 1425 1882 qua
1443 1814 1827 1877 hiemaverant,
1856 1817 2055 1883 egressi

137 1894 198 1937 ut
232 1886 345 1953 lupi
381 1886 601 1947 feroceS,
640 1892 760 1952 post
785 1885 983 1936 multas
1008 1885 1085 1936 ibi
1110 1885 1539 1937 Christianorum
1569 1893 1772 1954 strages
1799 1894 2053 1954 patratas,

136 1965 256 2026 post
282 1957 677 2009 combustiones
704 1957 1085 2018 coenobiorum,
1127 1957 1193 2008 ad
1224 1958 1585 2008 Domnaniam
1621 1959 2053 2026 enavigaverunt,

137 2037 189 2081 et
214 2030 291 2081 ibi
318 2049 347 2080 a
372 2029 512 2096 regis
537 2029 798 2079 ministris
823 2029 1127 2080 fortissimis
1154 2047 1276 2080 cum
1302 2030 1448 2081 mille
1476 2030 1720 2081 ducentis
1745 2032 1869 2082 viris
1895 2032 2054 2082 occisi

136 2108 261 2152 sunt
288 2110 411 2153 ante
447 2119 622 2152 arcem
657 2097 949 2168 Cynwith,'⁶
984 2101 1108 2168 quia
1137 2101 1196 2151 in
1222 2101 1407 2152 eadem
1434 2120 1552 2152 arce
1579 2103 1890 2170 perplurimi
1914 2104 2056 2170 regis

132 2174 338 2235 famuli,
365 2180 427 2224 ut
453 2173 656 2224 dictum
683 2179 780 2235 est,
809 2191 864 2223 se
886 2173 1255 2223 concluserant
1281 2191 1439 2223 causa
1457 2174 1667 2240 refugii.
1738 2175 1852 2225 Rex
1874 2181 2056 2226 autem

135 2246 337 2308 Elfred,
364 2245 422 2294 in
448 2245 683 2295 Domino
709 2245 825 2295 Deo
857 2245 1102 2306 confisus,
1125 2262 1246 2295 cum
1271 2244 1452 2311 paucis
1480 2246 1781 2311 agminibus
1808 2246 2053 2312 stipatus,

134 2317 263 2368 fecit
291 2334 466 2367 arcem
490 2317 548 2366 in
573 2316 689 2366 loco
715 2316 807 2382 qui
833 2316 1129 2383 appellatur
1155 2316 1551 2383 Ethelingalge,
1586 2317 1642 2367 in
1675 2335 1780 2384 quo
1804 2318 2055 2369 habitans

138 2406 259 2439 cum
294 2388 402 2439 suis
440 2387 894 2438 commilitonibus
933 2387 1114 2438 hostes
1144 2387 1451 2454 frequenter
1487 2388 1894 2454 infatigabiliter
1929 2407 2052 2440 con-

136 2460 285 2510 trivit
325 2460 389 2510 ab
430 2477 564 2510 arce.
644 2459 764 2509 Hoc
799 2458 909 2525 egit
943 2465 1181 2525 tempore
1212 2459 1615 2510 resurrectionis
1640 2461 1862 2511 Domini
1885 2461 2056 2512 nostri

137 2532 170 2581 J
176 2549 268 2582 esu
296 2530 514 2581 Christi.
592 2530 700 2582 Qui
726 2548 967 2596 egressus
995 2530 1059 2580 ab
1087 2547 1223 2592 arce,
1257 2530 1561 2597 viribusque
1602 2533 1875 2599 susceptis,
1916 2540 2055 2600 post,

138 2609 342 2669 septem
367 2602 614 2653 videlicet
640 2601 951 2668 septimanis
977 2601 1183 2652 dierum
1211 2608 1264 2652 et
1290 2602 1535 2664 monade,
1564 2603 1664 2654 hoc
1690 2610 1770 2654 est
1795 2605 2053 2671 quinqua-

139 2674 290 2741 ginta
330 2674 518 2725 diebus
562 2673 838 2740 suppletis,
879 2673 1026 2724 venit
1063 2673 1126 2723 ad
1168 2679 1376 2739 petram
1417 2674 1689 2740 Ecgberti,
1723 2693 1841 2741 quae
1882 2682 1961 2726 est
1999 2676 2057 2725 in

134 2746 381 2796 orientali
417 2751 568 2812 parte
606 2745 773 2795 saltus
813 2744 901 2811 qui
937 2744 1168 2811 Anglico
1200 2744 1410 2812 eloquio
1447 2745 1641 2796 dicitur
1675 2747 2057 2809 Mucelwudu}

139 2818 332 2868 Latine
353 2835 476 2868 vero
502 2817 709 2883 Magna
732 2816 892 2878 Silva,
921 2816 1235 2867 Britannico
1262 2834 1408 2867 more
1435 2817 1739 2869 Coitmawr.
1817 2819 1904 2869 Ibi
1931 2837 2057 2886 ergo

138 2889 484 2940 obviaverunt
519 2889 632 2956 regi
667 2888 1013 2939 dilectissimo
1051 2906 1236 2939 omnes
1278 2888 1468 2939 accolae
1507 2890 1958 2941 Sumortunenses
1998 2909 2058 2942 ac

135 2961 521 3022 Wiltunenses,
547 2977 756 3011 necnon
785 2960 1192 3023 Huntunenses,
1214 2961 1430 3027 visoque
1450 2960 1620 3011 laetati
1645 2968 1771 3012 sunt
1796 2962 2058 3013 immenso

137 3033 309 3083 cordis
348 3032 600 3100 tripudio,
642 3031 791 3099 quasi
818 3032 1113 3083 redivivum
1138 3031 1315 3099 ipsum
1342 3032 1707 3099 suscipientes,
1787 3035 1914 3085 Post
1949 3040 2056 3085 ter-

222 3164 240 3189 ἢ
269 3165 409 3206 Asser.
742 3164 752 3189 ·’
779 3166 844 3204 vel
863 3166 1037 3204 ducebat
1056 3164 1296 3205 interlined.

216 3221 234 3254 ,-
263 3220 366 3260 This
384 3220 595 3261 reference
614 3220 660 3259 to
679 3219 753 3259 the
781 3220 1019 3270 protection
1046 3220 1232 3259 afforded
1258 3221 1315 3271 by
1335 3219 1396 3260 St.
1418 3219 1631 3260 Cuthbert
1650 3222 1695 3260 to
1715 3220 1838 3273 King
1856 3220 2005 3262 Alfred
2025 3222 2060 3261 is

138 3274 277 3314 notin
297 3274 434 3315 Asser.
493 3275 570 3315 See
591 3275 809 3327 Symeon's
829 3274 1009 3327 History
1029 3275 1075 3315 of
1099 3274 1173 3314 the
1200 3274 1374 3314 Ghurch
1404 3275 1450 3314 of
1473 3274 1685 3325 Durham,
1714 3277 1824 3316 book
1844 3276 1903 3326 ii.,
1936 3290 1970 3317 c.
1993 3280 2059 3317 10.

226 3328 243 3353 ¹²
274 3329 633 3381 Cynuit—Asser.

223 3383 234 3406 ¹
262 3383 538 3423 Mucelwudu
556 3384 591 3424 is
610 3384 782 3424 written
801 3383 847 3423 in
867 3384 940 3424 the
960 3383 1054 3423 MS.
1075 3382 1365 3434 Mucelpurlu,
1394 3383 1468 3423 the
1489 3383 1622 3424 scribe
1641 3384 1803 3435 having
1822 3385 1948 3425 fallen
1968 3385 2061 3425 into

140 3436 215 3476 the
236 3438 405 3487 general
424 3451 538 3478 error
558 3439 604 3478 of
628 3438 921 3490 confounding
940 3439 1014 3478 the
1035 3437 1190 3477 Gothic
1210 3453 1249 3477 ¹m
1270 3438 1374 3477 with
1403 3439 1477 3478 the
1503 3439 1629 3479 letter
1652 3453 1699 3490 p.
1758 3440 1861 3478 This
1880 3440 2061 3479 mistake

139 3490 175 3530 is
205 3492 478 3541 complicated
507 3494 563 3544 by
582 3493 656 3532 the
685 3495 713 3532 d
743 3493 903 3544 having
934 3494 1041 3532 been
1071 3493 1243 3532 written
1272 3506 1316 3532 so
1345 3505 1389 3532 as
1419 3496 1464 3532 to
1489 3494 1692 3533 resemble
1718 3494 1791 3533 the
1819 3494 1964 3533 letters
1988 3508 2013 3533 r
2033 3495 2060 3534 l.

144 3545 281 3585 There
300 3546 335 3584 is
354 3559 410 3585 no
429 3547 561 3586 doubt
580 3559 624 3586 as
642 3549 688 3587 to
706 3548 780 3587 the
799 3560 923 3587 name
942 3548 1074 3599 really
1092 3547 1296 3587 intended
1315 3560 1359 3587 as
1378 3547 1413 3586 it
1440 3560 1586 3587 occurs
1613 3548 1716 3587 both
1745 3548 1791 3586 in
1810 3547 1950 3597 Asser,
1979 3548 2063 3587 and

144 3599 191 3638 in
215 3600 288 3639 the
315 3601 339 3619 “
354 3599 735 3650 Recapitulation”
758 3602 805 3640 in
824 3602 897 3641 the
922 3603 1092 3652 present
1112 3601 1397 3652 compilation.
1455 3601 1718 3652 Coit-Maur,
1747 3601 1885 3653 again,
1913 3603 1970 3653 by
1990 3602 2063 3641 the

146 3666 258 3693 same
278 3654 500 3693 confusion
520 3655 565 3694 of
590 3670 624 3693 w
644 3655 726 3695 and
740 3670 788 3707 p,
809 3656 883 3695 has
901 3657 1009 3696 been
1028 3656 1199 3696 written
1220 3656 1508 3707 Coit-Mapur.
