2384 4126
733 351 1002 386 ms'romAE
1042 352 1428 386 CONTINUA'PIO.
1964 338 2033 387 95

124 477 445 529 monasteria
483 495 578 544 per
617 494 678 528 cc
720 494 887 528 annos
920 475 1397 538 reaedificabantur,
1436 480 1740 542 tepescente
1777 476 2036 543 paulatim

124 549 247 599 fidei
280 549 556 615 religione,
593 549 742 600 cultu
766 555 891 600 vero
934 547 1207 614 religionis
1248 547 1462 614 penitus
1499 547 1779 598 deficiente
1794 568 1810 609 3
1851 566 2034 598 mona-

127 620 349 670 chorum
398 638 594 671 nomen
644 627 757 671 erat
797 619 1207 687 provincialibus
1252 618 1573 669 inauditum.
1651 619 1720 668 In
1764 624 2036 685 stuporem

126 691 471 742 vertebantur
521 709 643 742 cum
688 691 980 758 quemlibet
1020 690 1335 741 monachilis
1381 689 1596 740 habitus
1637 695 1691 740 et
1735 690 1857 740 vitae
1897 690 2035 742 forte

126 763 505 829 conspicerent.
586 762 690 813 Sed
717 762 982 829 praedictis
1018 761 1189 812 tribus
1214 761 1340 812 viris
1375 761 1516 812 inter
1541 761 1660 811 illos
1685 761 1929 812 habitare
1955 762 2034 811 in-

126 833 460 900 cipientibus,
502 834 828 901 incipiebant
863 839 916 884 et
954 833 1055 900 ipsi
1090 833 1154 883 de
1189 832 1400 883 bestiali
1424 833 1535 883 vita
1561 850 1735 883 mores
1761 833 1819 882 in
1845 833 2036 883 melius

123 911 467 967 commutare,
494 906 576 955 illi
602 905 668 956 ad
693 905 1041 956 restauranda
1066 910 1251 955 sancta
1276 904 1393 954 loca
1418 921 1569 971 opem
1596 904 1902 971 inpendere,
1934 904 2036 971 ipsi

122 994 216 1043 per
242 994 296 1027 se
323 977 603 1027 semirutas
639 976 888 1028 ecclesias
926 982 1225 1027 restaurare
1260 982 1313 1026 et
1350 993 1623 1037 renovare,
1664 976 1748 1026 vel
1782 976 1944 1026 etiam
1979 976 2036 1025 in

124 1048 314 1114 quibus
343 1057 499 1098 antea
523 1066 633 1098 non
659 1055 810 1099 erant
836 1048 963 1098 locis
990 1066 1152 1098 novas
1180 1047 1471 1109 aedificare3
1514 1047 1671 1097 multi
1703 1047 1767 1098 de
1795 1047 2035 1098 saeculari

124 1120 235 1169 vita
260 1119 422 1170 etiam
454 1120 513 1169 in
546 1120 903 1170 monachilem
936 1120 1186 1169 militiam
1228 1136 1557 1170 concurrere.
1637 1119 1742 1169 Sed
1767 1118 1854 1169 hic
1881 1119 2036 1185 pauci

127 1208 191 1241 ex
226 1191 785 1257 comprovincialibus:
829 1191 1007 1258 plures
1042 1208 1164 1241 vero
1195 1190 1260 1241 de
1293 1190 1514 1241 remotis
1548 1191 1760 1256 Angliae
1794 1190 2036 1257 partibus

125 1261 269 1312 fama
293 1262 509 1312 illorum
526 1263 691 1313 ‘acciti
719 1263 792 1313 eis
822 1262 1252 1329 adjungebantur
1276 1262 1574 1313 unanimes.
1655 1262 1867 1312 Horum
1901 1263 2033 1312 Tur-

126 1340 281 1400 gotus
324 1341 437 1384 erat
475 1340 858 1400 unus„postea
899 1335 1204 1384 Scottorum
1247 1334 1538 1400 episcopus.
1615 1333 1691 1384 Is⁰
1735 1333 2034 1400 prosapiam

124 1405 342 1456 trahens
370 1406 434 1456 de
461 1423 654 1472 genere
682 1406 982 1472 Anglorum
1019 1423 1129 1455 non
1165 1405 1369 1468 infimo,
1411 1423 1549 1455 unus
1586 1409 1699 1455 erat
1731 1405 1875 1456 inter
1902 1405 2032 1455 alios

128 1476 236 1543 qui,
264 1494 432 1543 nuper
467 1477 751 1544 subjugata
782 1477 1110 1527 Normannis
1139 1477 1354 1543 Anglia,
1382 1477 1589 1527 obsides
1623 1493 1719 1543 pro
1752 1482 1868 1527 tota
1902 1476 2031 1526 Lin-

124 1548 270 1598 desia
294 1548 352 1598 in
378 1548 716 1600 Lindicolino
744 1555 915 1599 castro
942 1548 1393 1599 custodiebantur.
1472 1548 1573 1598 Ille
1607 1547 1833 1614 pecunia
1867 1548 2032 1598 emol-

123 1618 259 1669 liens
286 1619 600 1682 custodiam,
644 1637 765 1670 cum
792 1637 989 1686 magno
1016 1636 1233 1669 suorum
1267 1619 1502 1685 periculo
1532 1618 1673 1685 fugit
1699 1619 1940 1669 clanculo
1968 1619 2035 1669 ad

123 1690 527 1757 Norwegenses,
591 1691 682 1757 qui
731 1697 861 1741 tunc
912 1690 1052 1757 apud
1103 1690 1373 1740 Grimesbi
1422 1707 1613 1740 navem
1662 1690 2034 1740 mercatoriam

122 1779 288 1828 usque
322 1761 663 1828 Norwegiam
705 1768 1069 1813 oneraverant.
1147 1762 1215 1812 In
1242 1779 1345 1828 qua
1370 1761 1492 1812 navi
1519 1761 1681 1812 etiam
1707 1761 1871 1828 legati
1896 1762 2032 1811 Wil-

121 1833 268 1883 lelmi
291 1833 431 1900 regis
466 1833 808 1900 Norwegiam
842 1833 1093 1884 mittendi
1127 1832 1526 1884 subvectionem
1561 1832 1662 1883 sibi
1687 1839 2031 1899 paraverant:

117 1904 336 1971 jamque
361 1904 509 1955 navis
536 1905 628 1955 illa
652 1905 780 1955 totis
809 1905 1022 1955 avolans
1050 1904 1180 1956 velis
1218 1910 1387 1955 terras
1423 1904 1721 1971 aspectibus
1757 1904 2032 1956 subtraxe-

120 1981 221 2038 rat,
251 1993 373 2026 cum
400 1976 552 2027 ecce!
594 1976 853 2043 fugitivus
881 1976 1032 2027 obses
1058 1976 1198 2043 regis
1227 1976 1292 2026 ab
1326 1976 1668 2026 inferioribus
1693 1976 1842 2026 navis
1867 1976 2032 2043 parti-

120 2047 237 2110 buS,
264 2048 359 2098 ubi
383 2048 768 2114 Norwegenses
795 2066 918 2099 eum
945 2048 1346 2110 absconderant,
1385 2048 1443 2097 in
1470 2048 1705 2098 medium
1732 2065 2031 2115 erumpens,

120 2119 325 2186 legatos
352 2137 641 2187 eorumque
662 2120 830 2170 socios
855 2120 914 2170 in
940 2126 1211 2187 stuporem
1236 2119 1412 2170 vertit.
1488 2120 1634 2169 Nam
1667 2119 1865 2186 ubique
1891 2120 2033 2170 loco-

120 2207 242 2241 rum
281 2191 605 2258 perquisitus
645 2191 837 2255 fuerat,
890 2191 1048 2242 etiam
1095 2191 1155 2241 in
1194 2191 1318 2241 navi
1356 2191 1541 2241 eadem
1585 2197 1855 2242 exactores
1894 2191 2035 2258 regis

121 2262 379 2312 scrutinia
418 2263 671 2325 fecerant,
715 2263 808 2313 sed
848 2262 1111 2313 calliditas
1152 2262 1594 2313 abscondentium
1630 2262 1825 2313 delusit
1851 2263 2034 2313 oculos

94 2334 584 2400 perscrutantium.
663 2335 853 2401 Itaque
902 2334 1068 2400 legati
1115 2334 1409 2396 instabant,
1468 2339 1547 2396 ut,
1599 2333 1852 2400 depositis
1900 2335 2032 2385 velis

119 2423 309 2456 navem
335 2423 458 2456 cum
482 2405 707 2472 fugitivo
733 2405 872 2472 regis
899 2405 966 2455 ad
984 2405 1239 2471 Angliam
1261 2422 1471 2472 quoquo
1499 2405 1656 2455 modo
1676 2405 2027 2456 reflecterent.

119 2476 507 2543 Norwegenses
548 2477 718 2527 acrius
757 2476 1127 2544 repugnabant
1166 2483 1227 2528 ut
1263 2483 1429 2543 caepta
1458 2476 1740 2527 velificatio
1780 2494 2032 2544 prospero

118 2565 307 2599 navem
335 2566 492 2599 cursu
524 2548 581 2598 in
614 2549 697 2598 an’
730 2550 852 2611 (sic)
881 2548 1153 2616 perferret.
1230 2548 1317 2598 Fit
1351 2547 1587 2615 partium
1623 2548 1914 2611 altercatio,
1954 2549 2031 2599 ita

120 2625 181 2669 ut
213 2619 462 2670 adversus
500 2638 556 2671 se
593 2620 821 2671 invicem
860 2626 1224 2670 armarentur:
1274 2620 1382 2682 sed,
1419 2619 1561 2686 quod
1598 2621 1769 2687 major
1802 2619 1878 2670 vis
1916 2627 2030 2671 erat

120 2691 580 2758 Norwegensium,
604 2691 761 2742 citius
788 2709 1087 2759 compressa
1112 2698 1192 2742 est
1219 2691 1440 2742 audacia
1463 2691 1780 2758 legatorum,
1804 2699 2028 2758 quanto-

120 2780 222 2829 que
256 2763 427 2829 magis
464 2769 620 2814 terrae
658 2763 1101 2830 propinquabant,
1144 2769 1297 2814 tanto
1333 2763 1503 2830 magis
1540 2763 1648 2813 illis
1687 2781 1742 2814 se
1779 2763 2027 2814 humilia-

117 2834 265 2885 bant.
340 2834 577 2886 Veniens
607 2841 783 2886 autem
811 2835 905 2886 1110
935 2835 1146 2902 juvenis
1173 2834 1427 2902 fugitivus
1457 2852 1616 2901 quam
1642 2834 1867 2887 honeste
1894 2854 1948 2886 se
1976 2842 2030 2886 et

120 2912 263 2957 caste
291 2906 499 2973 agebat,
534 2906 804 2957 nobilibus
839 2913 892 2957 et
926 2907 1271 2973 optimatibus
1308 2912 1491 2973 gratus
1526 2906 1827 2973 apparebat.
1904 2908 2029 2958 Per-

118 2978 263 3028 venit
300 2984 353 3029 et
394 2977 460 3028 ad
493 2978 743 3029 notitiam
780 2978 922 3045 regis
949 2978 1104 3029 Olavi
1120 2999 1134 3040 3
1177 2978 1269 3046 qui
1295 2978 1546 3045 quoniam
1572 2977 1725 3029 valde
1749 2979 2028 3046 religiosus

119 3055 249 3111 erat,
278 3066 451 3100 sacros
481 3050 685 3101 codices
704 3051 847 3101 inter
871 3068 1061 3101 manus
1087 3056 1334 3112 tractare,
1377 3056 1430 3100 et
1464 3050 1670 3100 litteras
1704 3050 1845 3101 inter
1877 3051 2031 3118 regni

120 3137 270 3171 curas
307 3138 442 3188 saepe
478 3122 751 3173 consuevit
787 3121 1054 3172 addiscere
1070 3142 1085 3184 3
1128 3140 1266 3189 saepe
1293 3121 1455 3172 etiam
1483 3121 1745 3172 sacerdoti
1772 3122 1838 3172 ad
1865 3123 2029 3173 altare

121 3191 383 3255 assistere,
421 3198 474 3243 et
512 3193 827 3245 induentem
854 3193 1172 3244 vestimenta
1207 3211 1356 3243 sacra
1390 3193 1657 3260 adjuvare,
1698 3211 1891 3260 aquam
1916 3212 2028 3244 ma-

118 3261 273 3312 nibus
311 3263 551 3327 fundere,
592 3271 646 3315 et
681 3271 871 3316 caetera
909 3265 1221 3332 hujusmodi
1259 3265 1447 3315 devota
1484 3282 1750 3332 peragere.
1826 3265 2030 3316 Audito

119 3332 299 3399 itaque
344 3335 485 3401 quod
523 3336 744 3387 clericus
783 3336 848 3387 de
890 3337 1088 3403 Anglia
1126 3336 1377 3399 venisset,
1421 3336 1564 3403 quod
1602 3354 1859 3402 magnum
1899 3342 2029 3387 tunc

118 3404 369 3470 temporis
393 3405 687 3471 videbatur,
716 3425 839 3459 eum
866 3408 932 3459 ad
958 3408 1237 3459 discendos
1263 3408 1502 3459 Psalmos
1536 3407 1689 3475 quasi
1713 3407 2029 3473 magistrum

201 3574 216 3591 ⁰
246 3567 348 3608 This
362 3571 542 3610 account
557 3570 603 3610 of
617 3571 690 3611 the
709 3571 892 3623 position
911 3572 995 3612 and
1014 3572 1128 3624 early
1140 3572 1212 3613 life
1228 3572 1274 3612 os
1290 3572 1454 3624 Turgot
1473 3571 1508 3611 is
1527 3572 1604 3612 not
1623 3569 1731 3610 from
1746 3569 1819 3609 the
1833 3567 2029 3608 Durham

118 3620 312 3673 History,
341 3636 419 3663 nor
438 3623 472 3663 is
490 3624 526 3663 it
546 3627 774 3676 supported
792 3628 849 3678 by
868 3639 952 3678 any
971 3626 1119 3667 earlier
1138 3627 1370 3678 authority.
