2384 4126
353 372 420 421 70
961 383 1238 417 sYMEoN1s
1279 381 1671 415 DUNELMENsIs

353 518 386 542 “
410 515 549 577 culo,
577 530 673 581 pro
701 511 975 563 communi
1001 510 1235 560 utilitate
1261 508 1526 559 discordia
1550 507 1644 558 illa
1671 505 2064 573 aliquantulum
2092 504 2275 555 sedata

354 589 389 613 “
411 592 509 636 est.
602 584 843 652 Osbryth
878 589 932 634 et
966 583 1089 634 Ena.
1129 581 1374 632 adunatis
1414 580 1615 631 viribus
1657 583 2084 644 congregatoque
2129 593 2274 627 exer-

355 662 389 685 “
412 658 524 708 citu
549 657 853 708 Eboracum
888 655 1141 722 oppidum
1178 653 1393 704 adeunt.
1474 651 1683 704 Quibus
1713 649 2135 710 advenientibus,
2174 648 2274 697 Pa-

356 734 389 757 “
413 729 539 796 gani
564 729 749 796 fugam
776 727 1056 794 arripiunt,
1096 732 1149 777 et
1182 725 1327 776 intra
1361 724 1510 775 urbis
1544 723 1736 774 maenia
1770 740 1825 773 se
1851 721 2132 773 defendere
2157 737 2277 786 pro-

355 806 389 828 “
412 807 620 852 curant.
681 800 926 852 Quorum
944 799 1130 865 fugam
1151 803 1204 849 et
1224 814 1472 864 pavorem
1494 794 1790 846 Christiani
1812 799 2107 854 cernentes,
2134 791 2278 842 intra

358 878 390 900 “
411 873 559 924 urbis
601 872 797 923 maenia
847 889 937 922 eos
986 870 1249 937 persequi,
1302 875 1355 919 et
1403 886 1621 918 murum
1670 867 1914 933 frangere
1963 864 2276 915 instituunt.

358 950 392 974 “
416 945 575 997 Quod
608 950 661 995 et
696 944 954 995 fecerunt.
1032 942 1160 992 Non
1195 941 1338 992 enim
1372 947 1503 990 tunc
1543 940 1715 990 adhuc
1746 939 1839 989 illa
1871 938 2055 988 civitas
2096 937 2276 986 firmos

357 1021 391 1044 “
413 1023 466 1067 et
493 1015 758 1067 stabilitos
793 1032 976 1065 muros
1005 1013 1113 1063 illis
1139 1012 1471 1079 temporibus
1496 1011 1743 1062 habebat.
1822 1011 2066 1076 Cumque
2095 1008 2277 1059 Chris-

358 1093 392 1116 “
413 1088 547 1139 tiani
585 1104 818 1148 murum,
858 1092 920 1136 ut
960 1089 1365 1152 proposuerant,
1403 1083 1708 1149 fregissent,
1755 1100 2045 1148 eorumque
2083 1098 2281 1146 magna

358 1164 392 1187 “
413 1178 536 1227 pars
562 1160 620 1209 in
646 1159 918 1210 civitatem
953 1157 1113 1207 simul
1148 1174 1271 1207 cum
1309 1154 1538 1221 Paganis
1572 1154 1883 1216 intrassent,
1923 1153 2145 1220 Pagani,
2186 1153 2279 1202 do-

357 1232 525 1282 “lore
564 1237 618 1282 et
655 1230 975 1281 necessitate
1019 1227 1299 1294 compulsi,
1343 1244 1501 1293 super
1537 1244 1625 1276 eos
1667 1225 1918 1277 atrociter
1952 1225 2278 1291 irrumpunt,

357 1308 391 1331 “
413 1304 644 1365 caedunt,
666 1302 877 1368 fugant,
906 1306 1254 1368 prosternunt
1280 1299 1427 1348 intus
1456 1304 1509 1349 et
1536 1298 1743 1348 extra.”
1822 1298 1944 1348 Hoc
1969 1296 2172 1347 factum
2200 1301 2282 1346 est

355 1375 425 1442 xij
455 1375 563 1425 kal.
592 1374 838 1441 Aprilis,2‘
876 1372 1009 1424 feria
1048 1373 1094 1440 vj
1139 1378 1263 1422 ante
1300 1370 1644 1422 Dominicam
1682 1370 2031 1421 Palmarum.²’
2107 1367 2282 1418 “Illic

357 1452 391 1475 “
411 1447 643 1497 maxima
663 1465 727 1497 ex
745 1452 897 1512 parte
917 1463 1102 1496 omnes
1121 1442 1676 1494 Northumbrensium
1704 1442 1844 1504 caesi,
1862 1440 2049 1492 occisis
2076 1439 2282 1490 duobus

356 1524 390 1547 “
411 1519 644 1586 regibus,
674 1518 837 1569 deleti
863 1517 1231 1568 occubuerunt
1253 1537 1262 1566 :
1302 1515 1495 1582 reliqui
1520 1533 1643 1566 vero
1670 1514 1763 1581 qui
1789 1519 2072 1565 evaserunt
2095 1530 2282 1579 pacem

356 1597 387 1620 “
413 1610 536 1642 cum
562 1590 794 1658 Paganis
827 1589 1206 1657 pepigerunt.”
1284 1587 1495 1640 Quibus
1527 1587 1777 1654 peractis,
1812 1585 2054 1653 praedicti
2079 1584 2284 1651 Pagani

356 1663 455 1714 sub
483 1681 578 1714 suo
606 1662 842 1714 dominio
868 1680 1049 1728 regem
1076 1661 1375 1727 Egbertum
1409 1659 1783 1726 praefecerunt.
1860 1657 2131 1724 Egbertus
2158 1674 2284 1707 vero

352 1735 597 1803 regnavit
623 1741 744 1803 post
770 1734 884 1785 haec
912 1751 1071 1800 super
1096 1732 1500 1784 Northumbros
1526 1732 1671 1782 ultra
1696 1731 1828 1782 Tine
1855 1748 1946 1781 sex
1973 1728 2177 1780 annisw

1186 1875 1445 1910 DCCCLXX.

464 1954 679 2005 “Anno
719 1952 1410 2005 Dccc.lxx—sanctissimus
1436 1950 2132 2017 Orientalium-Anglorum
2171 1966 2283 2011 rex,

355 2032 389 2054 “
410 2026 818 2089 Eadmundus,'’
857 2032 920 2076 ut
957 2025 1016 2075 in
1055 2043 1152 2075 sua
1189 2024 1389 2091 legitur
1426 2024 1697 2086 Passione,
1740 2023 1861 2073 “ab
1888 2023 2126 2088 Inguaro
2157 2039 2283 2087 rege

355 2099 786 2166 “paganissimo,
826 2097 1120 2148 indictione
1146 2096 1204 2164 ij,
1242 2096 1313 2163 xij
1355 2095 1462 2146 kal.
1500 2095 1832 2157 Decembris,
1864 2095 1949 2145 die
1977 2093 2280 2155 DominicO,

355 2177 389 2198 “
412 2171 787 2239 martyrizatus
828 2170 963 2221 est.''
1043 2169 1182 2220 Cum
1220 2186 1324 2235 quo
1361 2174 1414 2219 et
1456 2167 1796 2218 Humbertus
1833 2167 2106 2235 episcopus
2143 2165 2281 2216 occi-

354 2243 545 2294 diturst

1155 2343 1470 2377 DCCCLXXII.

462 2422 624 2472 Anno
676 2418 1401 2488 Dccc.lxxij—Northumbri
1447 2436 1605 2469 suum
1655 2417 1836 2486 regem
1886 2417 2186 2485 Egbertum
2230 2424 2284 2468 et

354 2512 513 2545 suum
541 2493 1001 2560 archiepiscopum
1028 2492 1232 2543 Wlfere
1259 2491 1621 2558 expuleruntsss

1142 2636 1473 2670 DCCCLXXIII.

466 2714 680 2764 “Anno
726 2712 1032 2779 nccc.lxxiij
1082 2717 1580 2778 saepe-memoratus
1624 2711 1887 2763 exercitus
1941 2710 2285 2761 Lundoniam

357 2791 391 2813 “
412 2786 679 2848 deserenS,
711 2784 769 2834 111
793 2783 1403 2851 Northanhymbrorum
1430 2783 1648 2849 regione
1675 2783 1928 2850 porrexit,
1966 2790 2019 2833 et
2054 2783 2130 2833 ibi
2170 2782 2283 2833 1116-

358 2862 391 2885 “
413 2857 578 2907 mavit
621 2856 680 2906 in
724 2873 878 2923 pago,
931 2874 1049 2922 quae
1096 2854 1295 2905 dicitur
1340 2855 1654 2921 Lindesig,”
1703 2855 1844 2922 apud
1888 2854 2232 2905 Torchasiam
2255 2863 2285 2905 :2

359 2934 391 2956 “
414 2947 537 2980 cum
564 2946 669 2995 quo
694 2928 892 2978 iterum
919 2927 1113 2978 Mercii
1138 2944 1323 2993 pacem
1350 2926 1728 2993 pepigerunt.”

444 3085 462 3102 ¹⁴
493 3076 596 3117 This
616 3076 712 3117 date
731 3076 767 3116 is
787 3076 896 3116 from
915 3075 989 3116 the
1010 3075 1193 3127 History
1213 3075 1259 3115 of
1283 3075 1358 3115 the
1379 3074 1555 3115 Church
1575 3075 1621 3115 of
1645 3075 1855 3125 Durham,
1885 3075 1943 3126 11.,
1968 3078 2007 3116 6.

443 3142 459 3158 υ
490 3132 546 3172 In
566 3134 711 3171 sancto
731 3131 798 3171 die
818 3130 1066 3171 Palmarum
1090 3130 1226 3180 (Hist.
1248 3130 1299 3171 de
1320 3130 1360 3171 S.
1383 3130 1657 3180 Cuthberto).

444 3196 465 3211 ²⁴⁷
496 3187 612 3227 Hist.
632 3186 849 3233 Dunelm„
869 3185 927 3235 ii„
948 3188 986 3226 6.

442 3249 462 3266 ’
491 3242 582 3282 The
602 3241 813 3281 narrative
832 3240 986 3280 within
1006 3240 1199 3281 inverted
1227 3253 1412 3280 commas
1431 3240 1466 3280 is
1487 3241 1597 3281 from
1616 3240 1832 3282 Florence.
1893 3241 1983 3281 The
2003 3241 2216 3282 reference
2243 3243 2288 3281 to

361 3298 436 3338 the
466 3296 656 3346 Passim,
684 3297 742 3348 by
761 3295 901 3335 which
927 3296 962 3335 18
993 3297 1138 3335 meant
1170 3295 1243 3335 the
1274 3295 1450 3347 Legend
1481 3296 1527 3336 of
1550 3296 1625 3336 the
1656 3296 1833 3336 Passion
1853 3296 1899 3336 of
1925 3295 1986 3337 St.
2008 3296 2212 3336 Edmund
2234 3297 2289 3347 by

361 3353 498 3402 Abbo,
527 3351 563 3391 is
582 3353 659 3391 not
684 3351 730 3390 in
753 3350 969 3391 Florence.
1029 3350 1120 3391 The
1151 3352 1380 3391 statement
1410 3351 1457 3391 of
1481 3351 1556 3391 the
1587 3351 1714 3392 death
1746 3352 1792 3392 of
1816 3351 1977 3403 Bishop
2007 3351 2227 3392 Humbert
2253 3351 2289 3391 is

363 3408 472 3449 from
492 3407 566 3447 the
586 3406 769 3458 History
788 3405 834 3446 of
858 3406 933 3445 the
953 3405 1127 3446 Church
1148 3406 1194 3445 of
1218 3405 1428 3456 numam,
1459 3406 1516 3456 ii„
1538 3409 1576 3448 6.

442 3471 463 3496 y
493 3461 610 3502 Hist.
629 3461 847 3510 Dunelm„
867 3460 924 3510 ii„
946 3464 983 3501 6.

394 3545 396 3547 v
445 3525 460 3542 ²
492 3517 583 3557 'Phe
614 3516 754 3556 Saxon
786 3515 1011 3556 Chronicle
1043 3529 1136 3568 says
1166 3516 1241 3556 the
1269 3515 1435 3556 Danish
1455 3516 1608 3556 winter
1633 3518 1826 3568 quarters
1846 3528 1954 3556 were
1974 3518 2018 3556 at
2038 3516 2221 3556 Torksea
2243 3516 2288 3555 in

361 3573 557 3614 Lindsea.
615 3571 744 3611 Asser
773 3571 857 3610 and
890 3570 1094 3610 Florence
1120 3571 1314 3611 mention
1346 3570 1529 3610 Lindsea
1558 3571 1672 3623 only,
1701 3572 1784 3611 and
1814 3571 1888 3611 the
1908 3571 2134 3611 Chronicle
2155 3572 2201 3610 of
2226 3570 2287 3611 St.

361 3628 525 3677 Neot's,
554 3626 692 3666 which
714 3625 927 3677 generally
949 3628 1113 3676 repeats
1133 3626 1273 3675 Asser,
1303 3626 1379 3666 has
1409 3626 1592 3666 Torksea
1622 3626 1734 3678 only.
1795 3626 1885 3666 'Phe
1907 3627 1996 3666 first
2015 3628 2111 3677 part
2132 3626 2178 3665 of
2203 3626 2290 3666 this

362 3683 479 3724 work
499 3682 623 3723 omit-s
643 3682 760 3731 both,
783 3680 921 3720 whilst
942 3680 1234 3732 Huntingdon
1255 3681 1330 3720 has
1351 3680 1423 3721 the
1443 3682 1577 3721 words
1599 3694 1641 3721 as
1663 3681 1763 3733 they
1786 3682 1908 3721 stand
1928 3681 1973 3720 in
1994 3694 2073 3721 our
2092 3682 2194 3721 text.
