2384 4126
281 366 350 414 52
892 382 1163 416 sYMEole
1204 382 1595 416 DUNELMENSIs

283 507 634 574 proculdubio
673 526 782 559 non
815 508 873 558 in
900 508 1247 560 multitudine
1273 508 1552 560 hominum
1590 507 1750 559 affore
1781 506 2076 570 victoriam,
2120 506 2212 557 sed

282 579 387 630 Dei
425 579 481 629 in
521 580 863 632 miseratione
896 586 948 631 et
983 581 1362 632 misericordia.
1440 582 1574 643 Rex,
1607 598 1834 647 quoque,
1867 578 2125 630 Ethelred
2155 578 2213 628 in

281 652 516 702 tentorio
557 658 670 703 erat
707 652 765 702 in
804 653 1044 703 oratione
1083 653 1422 715 constitutus,
1464 653 1679 703 missam
1716 658 1769 703 et
1804 669 1921 719 quae
1946 650 2050 702 Dei
2087 657 2212 701 sunt

283 723 509 774 sollicite
561 724 841 775 audiendo.
940 725 1076 776 Quae
1120 731 1305 776 sancta
1350 724 1604 792 mysteria
1645 724 1760 791 regi
1805 730 1858 775 et
1904 723 2212 774 Christiano

282 795 477 862 populo
505 796 736 846 multum
762 796 1130 863 proficiebant,
1159 797 1238 847 uti
1263 797 1320 847 in
1348 797 1693 864 sequentibus
1720 795 2047 847 ostendetur.

392 868 756 919 Decreverant
808 886 934 935 ergo
977 869 1271 919 Christiani
1320 869 1504 936 populi
1554 874 1607 919 et
1652 868 1820 935 Angli
1871 866 2211 918 devotissime

284 938 538 990 audacter
564 940 901 991 committere
923 946 1109 991 contra
1127 940 1372 991 inimicos
1398 940 1619 1002 bellum,
1648 947 1719 1002 et,
1742 947 1803 991 ut
1823 939 2083 990 Ethelred
2102 956 2212 1000 rex,

281 1010 607 1062 fortissimus
655 1012 977 1078 principum,
1033 1018 1220 1062 contra
1276 1012 1516 1079 legiones
1573 1013 1853 1063 dimicaret
1916 1030 2038 1062 cum
2102 1011 2212 1062 suis

281 1083 557 1149 myriadis,
593 1101 733 1133 unus
758 1083 1008 1134 videlicet
1044 1101 1137 1134 rex
1178 1084 1483 1150 Anglorum
1518 1091 1706 1135 contra
1744 1084 1876 1135 duos
1910 1085 2209 1135 Danorum.

281 1155 493 1205 AElfred
518 1172 643 1205 vero
678 1173 771 1205 rex
810 1172 934 1205 cum
972 1155 1081 1205 suis
1123 1155 1348 1206 ducibus
1388 1161 1441 1206 et
1476 1156 1950 1218 commilitonibus,
1987 1156 2211 1222 satrapis

283 1232 337 1277 et
363 1227 590 1294 populis,
628 1226 815 1277 debuit
851 1232 1038 1277 contra
1063 1244 1250 1278 omnes
1280 1228 1621 1294 Paganorum
1663 1228 1824 1278 duces
1857 1227 1987 1278 belli
2013 1233 2212 1278 sortem

282 1316 512 1360 sumere,
548 1305 611 1349 ut
638 1298 914 1349 decretum
941 1304 1038 1349 est.
1118 1299 1331 1366 Quibus
1356 1317 1441 1350 res
1472 1299 1687 1367 publica
1719 1299 1962 1367 utrisque
1996 1299 2212 1365 regibus

282 1377 335 1421 et
380 1370 590 1437 populis
629 1376 711 1421 sat
753 1371 882 1421 satis
926 1370 1063 1421 bene
1104 1371 1443 1438 complacuit.
1524 1371 1735 1423 Quibus
1770 1371 1846 1421 ita
1883 1371 2109 1422 firmiter
2145 1371 2210 1422 ab

283 1448 507 1510 utraque
541 1448 693 1510 parte
735 1442 1022 1509 dispositis,
1065 1460 1188 1493 cum
1226 1461 1319 1494 rex
1353 1443 1611 1495 Ethelred
1648 1443 1704 1493 in
1741 1443 1981 1495 oratione
2010 1443 2212 1495 diutius

282 1520 600 1577 moraretur,
648 1521 702 1566 et
746 1515 952 1581 Pagani
995 1515 1168 1582 parati
1213 1515 1280 1566 ad
1329 1516 1507 1567 locum
1555 1515 1656 1566 diri
1702 1515 2009 1567 certaminis
2054 1515 2212 1567 citius

282 1587 640 1650 advenissent,
669 1587 873 1649 Elfred,
897 1593 1027 1638 tunc
1059 1588 1325 1638 secundus
1359 1588 1417 1638 in
1443 1605 1626 1654 regno,
1655 1606 1764 1639 non
1789 1587 1966 1655 potuit
1993 1587 2214 1639 hostiles

281 1659 485 1709 diutius
521 1659 658 1710 acies
694 1659 933 1722 sufferre,
977 1660 1081 1709 nisi
1127 1678 1216 1711 eos
1258 1666 1350 1711 aut
1390 1660 1534 1711 bello
1575 1666 1850 1728 superaret
1886 1666 1978 1711 aut
2018 1666 2210 1712 morte.

280 1732 525 1798 Repente
552 1749 676 1782 vero
705 1737 1078 1782 consternatus
1107 1732 1285 1782 animo
1312 1733 1468 1783 irruit
1496 1751 1654 1799 super
1681 1738 1998 1800 aggregatas
2025 1732 2210 1783 multi-

278 1803 496 1854 tudines
522 1804 802 1854 Danorum
830 1821 952 1854 cum
980 1804 1142 1854 sacris
1170 1804 1474 1870 agminibus
1500 1805 1835 1872 Anglorum:
1864 1804 2010 1856 venit
2032 1810 2212 1856 autem

278 1894 372 1927 rex
412 1876 733 1942 praecinctus
785 1875 947 1926 armis
998 1881 1052 1926 et
1103 1876 1455 1939 orationibus,
1503 1877 1594 1944 qui
1637 1877 1870 1927 intuitus
1916 1876 2211 1928 exercitum

279 1948 461 1998 fratris
501 1948 629 1998 sat-is
676 1948 951 2014 eleganter
996 1944 1114 1999 esse*
1154 1948 1479 2011 ordinatum,
1523 1949 1674 2016 quasi
1716 1949 1887 1999 Judas
1925 1949 2212 2000 bellicosus

277 2020 536 2087 processit
565 2020 631 2070 ad
657 2020 876 2071 bellum.
955 2019 1287 2071 Dimicatum
1330 2027 1410 2072 est
1435 2021 1575 2071 virili
1609 2021 1911 2072 intentione
1948 2020 2013 2071 ab
2047 2021 2208 2071 utris-

279 2111 381 2159 que
425 2092 686 2159 partibus,
735 2109 840 2159 quo
880 2092 939 2141 in
982 2092 1099 2143 loco
1146 2092 1455 2144 ceciderunt
1500 2093 1865 2160 quinquageni
1904 2098 1957 2144 et
1998 2094 2211 2144 centeni

276 2183 488 2215 necnon
515 2164 740 2215 milleni.
822 2164 931 2215 Qui
967 2182 1062 2230 pro
1107 2164 1295 2231 patriis
1335 2165 1546 2232 legibus
1587 2171 1640 2216 et
1673 2165 1848 2232 patria
1883 2165 2208 2229 ceciderunt,

277 2236 522 2304 perducti
567 2242 710 2298 sunt,
757 2241 819 2286 ut
871 2236 1016 2287 credi
1065 2236 1217 2299 libet,
1271 2236 1337 2287 ad
1378 2237 1609 2304 patriam
1654 2243 1867 2288 aeternae
1916 2237 2208 2289 felicitatis.

278 2309 391 2360 Alii
416 2326 541 2360 vero
579 2308 645 2359 ad
687 2326 811 2359 eum
845 2308 1092 2374 perducti
1128 2314 1268 2369 sunt,
1308 2309 1373 2360 de
1409 2327 1513 2376 quo
1546 2309 1751 2359 dictum
1787 2315 1885 2371 est,
1928 2310 2103 2376 “Ipse
2130 2316 2211 2361 est

278 2387 438 2448 caput
456 2381 630 2431 omnis
650 2380 722 2448 inj
733 2380 989 2431 ustitiae.”
1049 2381 1226 2448 Reges
1245 2387 1423 2432 autem
1446 2399 1555 2432 non
1572 2381 1745 2432 solum
1761 2381 1935 2432 verbis
1954 2382 2211 2448 populum

279 2459 616 2504 constantem
637 2453 1012 2515 hortabantur,
1036 2471 1216 2503 verum
1241 2454 1400 2505 etiam
1426 2454 1588 2504 armis
1609 2453 1788 2504 hostes
1806 2453 1997 2504 bellica
2013 2453 2212 2506 virtute

276 2525 706 2593 prosternebant.
784 2525 1023 2576 Tandem
1051 2526 1212 2588 Dani,
1241 2526 1483 2577 videntes
1510 2544 1729 2577 suorum
1756 2526 2015 2576 corruisse
2042 2526 2209 2577 socio-

276 2616 398 2648 rum
428 2597 660 2663 agmina,
688 2597 894 2647 turbati
922 2604 1065 2660 sunt,
1110 2598 1360 2649 admirati
1389 2604 1532 2662 sunt,
1561 2598 1816 2650 commoti
1843 2604 1985 2660 sunt,
2021 2598 2208 2649 timor-

280 2688 382 2736 que
422 2670 719 2719 immensus
766 2669 1117 2736 apprehendit
1163 2688 1268 2720 eos.
1347 2671 1519 2738 Erant
1564 2670 1707 2721 enim
1748 2670 1946 2721 Divino
1980 2671 2211 2737 perculsi

277 2741 423 2792 Dani
463 2742 656 2791 timore
700 2741 842 2790 infra
881 2741 1055 2791 cordis
1097 2741 1361 2804 cubicula,
1401 2742 1634 2809 impetus
1669 2742 1972 2809 Anglorum
2008 2742 2211 2794 diutius

278 2831 387 2863 non
432 2813 665 2864 ferentes
709 2812 768 2862 in
811 2812 926 2878 ipso
973 2813 1214 2863 concilio.
1295 2813 1405 2865 Qui
1449 2814 1847 2881 opprobriosam
1895 2813 2210 2880 arripientes

278 2886 481 2952 fugam,
527 2884 720 2934 laxatis
763 2884 954 2950 gladiis
1001 2884 1214 2935 dextras
1256 2884 1536 2948 dederunt,
1582 2903 1874 2952 pacemque
1918 2886 2206 2952 petierunt.

278 2957 649 3009 Extendentes
674 2974 828 3021 reges
857 2956 1061 3022 gladios
1087 2956 1173 3007 vix
1210 2957 1529 3008 sedaverunt
1563 2958 1820 3024 populum
1846 2957 2206 3010 bellicantem.

280 3031 560 3096 Fugerunt
595 3028 695 3078 hac
730 3027 855 3078 illac
890 3028 1129 3094 ignobile
1155 3028 1366 3095 vulgus,
1410 3047 1541 3096 quos
1576 3047 1669 3096 per
1703 3029 1871 3080 totius
1908 3029 2013 3080 diei
2048 3030 2208 3082 horas

279 3101 620 3168 Angligenus
674 3105 985 3165 persecutus
1037 3106 1117 3150 est
1168 3101 1410 3167 populus.
1489 3101 1673 3151 Multa
1722 3101 1892 3152 millia
1942 3109 2209 3169 prostrata

280 3181 407 3225 sunt
432 3173 490 3222 in
514 3172 609 3221 illa
635 3171 720 3221 die
737 3192 752 3233 3
797 3189 1024 3238 quorum
1049 3172 1331 3223 interitum
1357 3173 1433 3240 pii
1458 3191 1611 3240 reges
1639 3180 1936 3236 cernentes,
1982 3174 2206 3241 gloriam

280 3246 530 3296 dixerunt
556 3244 674 3294 Deo
699 3243 1020 3294 immensam
1048 3244 1158 3295 Qui
1178 3245 1254 3295 eis
1280 3245 1444 3296 talem
1470 3246 1584 3313 ipso
1606 3246 1691 3297 die
1719 3246 1948 3297 contulit
1976 3247 2208 3298 victoriae

279 3318 529 3386 palmam.
615 3314 824 3366 Cecidit
850 3333 1060 3382 quoque
1086 3316 1162 3366 ibi
1189 3318 1486 3385 Bergseegy
1511 3336 1603 3369 rex
1633 3324 1685 3369 et
1713 3318 1768 3368 hi
1796 3318 1955 3369 duces
1977 3336 2098 3368 cum
2127 3337 2206 3382 eo,

279 3391 386 3441 dux
423 3388 611 3440 Sidroc
638 3393 922 3438 veteranus
958 3405 1150 3451 comeS,
1198 3388 1263 3440 de
1309 3408 1413 3456 quo
1456 3390 1593 3440 illud
1638 3396 1869 3457 aptatur,
1908 3391 2202 3442 Inveterate

281 3464 482 3513 dierum
532 3461 825 3511 malorum?
900 3459 1117 3510 Corruit
1161 3460 1361 3512 ibidem
1408 3461 1515 3512 dux
1568 3462 1755 3512 Sidroc
1799 3462 1999 3530 junior,
2047 3469 2207 3530 atque

279 3535 491 3587 Osbern
530 3533 638 3583 dux
673 3531 898 3595 militiae,
943 3531 1157 3599 duxque
1198 3534 1389 3597 Frana,
1432 3534 1644 3601 duxque
1689 3534 1897 3584 Harald
1933 3552 2056 3584 cum
2097 3535 2208 3585 suis

597 3691 616 3716 y
646 3683 1048 3735 Baegsceg—Asser.
1495 3694 1509 3709 ²
1539 3685 1693 3726 Daniel
1714 3685 1801 3725 xiii.
1824 3686 1890 3726 52.
