2384 4126
304 361 408 412 192
893 379 1153 414 HISTORIA
1192 380 1653 414 TRANsLArioNUM

298 510 539 570 repertae.
619 505 927 557 Voluerunt
955 524 1012 558 er
1014 524 1081 573 go
1109 524 1320 558 sacrum
1342 525 1532 574 corpus
1558 507 1724 574 1101118
1753 525 1817 557 ex
1836 507 2001 557 late1e
2022 524 2234 557 versum

300 576 646 643 resupinare·
632 618 646 639 ,
689 578 783 629 sed
825 579 951 646 quia
991 578 1110 642 hoc,
1150 586 1368 646 propter
1403 580 1901 646 circumpositarum
1928 578 2234 630 multitudi-

298 665 425 699 nem
471 645 839 716 reliquiarum,
882 652 1159 702 commode
1200 669 1311 702 non
1360 658 1627 719 poterant,
1673 652 1894 719 placuit,
1937 658 2012 714 ut,
2054 657 2234 701 amoto

298 719 423 771 inde
449 722 731 788 paululum
758 729 943 774 sancto
971 741 1207 791 00111010,
1250 725 1571 774 Sanctorum
1597 724 1849 791 reliquias
1883 723 2082 791 pariter
2108 741 2233 773 0011-

298 800 601 860 gregarent,
642 794 822 862 eisque
850 813 1090 846 seorsum
1120 795 1385 863 repositis,
1426 814 1577 846 suam
1615 796 1864 863 deinceps
1891 795 2236 862 singulariter

299 865 493 932 quietis
531 867 711 917 sedem
754 885 945 934 corpus
979 867 1352 935 incorruptum
1385 874 1634 919 servaret.
1716 869 1821 919 Sed
1856 886 1978 918 011111
2007 867 2073 917 ad
2099 867 2235 917 illud

298 938 719 1004 contingendum
756 958 950 989 manus
987 940 1339 991 formidarent
1371 957 1653 1006 apponere,
1693 939 2025 991 orationibus
2051 939 2232 990 fratris

298 1010 725 1076 supranominati
771 1011 978 1062 animos
1022 1018 1321 1074 resumunt,
1375 1019 1454 1073 ut,
1502 1012 1566 1063 ad
1612 1029 1770 1062 omne
1815 1012 1957 1079 quod
2001 1012 2230 1079 majores

290 1082 570 1149 jusserint,
623 1083 860 1150 prompti
901 1083 1115 1134 obedire
1162 1084 1433 1134 assistant.
1527 1084 1665 1134 Cum
1716 1102 1843 1150 ergo
1887 1084 1993 1134 duo
2038 1084 2230 1150 quibus

290 1155 504 1221 jussum
530 1154 724 1217 fuerat,
765 1173 905 1205 unus
935 1174 965 1205 a
992 1155 1182 1222 capite,
1225 1156 1361 1206 alter
1396 1174 1426 1206 a
1462 1155 1683 1222 pedibus
1710 1155 2013 1206 venerabile
2041 1173 2229 1222 corpus

295 1226 360 1277 de
387 1227 504 1277 1000
525 1244 633 1277 suae
654 1227 993 1277 dormitionis
1021 1227 1308 1288 elevarent,
1332 1227 1494 1294 coepit
1520 1227 1657 1277 illud
1684 1227 1835 1294 quasi
1856 1227 2030 1278 adhuc
2050 1228 2231 1278 vivens

292 1316 387 1365 per
424 1298 661 1348 medium
702 1298 922 1361 inflecti,
964 1317 1226 1367 carneque
1263 1299 1493 1350 solidum
1531 1306 1585 1350 et
1624 1299 1831 1350 ossibus
1865 1299 2100 1366 pondere
2134 1318 2228 1350 na-

290 1370 455 1420 turali
483 1371 549 1421 ad
574 1371 682 1421 ima
709 1370 964 1438 demergi.
1043 1371 1301 1422 Protinus
1328 1389 1391 1422 ex
1418 1378 1681 1439 praecepto
1709 1389 1990 1423 accurrens
2018 1372 2229 1435 tertius,

290 1442 526 1493 brachiis
554 1443 860 1511 complexus
887 1450 967 1494 est
994 1444 1254 1506 medium,
1296 1444 1476 1511 sicque
1511 1444 1664 1507 illud,
1698 1444 1985 1495 substratis
2011 1445 2229 1512 tapetiis

292 1533 352 1565 ac
397 1515 593 1581 palliis,
646 1522 952 1567 reverenter
996 1516 1052 1566 in
1096 1516 1465 1583 pavimentum
1517 1516 1810 1584 deponunt.
1910 1517 2046 1568 Quae
2095 1522 2228 1568 tunc

290 1587 507 1637 illorum
558 1588 800 1639 omnium
844 1588 1081 1640 lacrimae
1133 1608 1264 1656 quas
1310 1588 1629 1656 magnitudo
1681 1589 1943 1640 effuderat
1987 1589 2221 1640 laetitiae!

293 1660 431 1711 Quae
467 1678 622 1711 voces
659 1661 1067 1727 gratulationis!
1149 1662 1286 1713 Quae
1320 1661 1505 1712 laudes
1543 1662 1908 1725 exultationis,
1953 1679 2077 1712 cum
2111 1662 2226 1743 jam

290 1738 414 1783 01110
442 1732 625 1783 0011108
652 1733 797 1783 hunc
826 1733 1012 1800 gratiae
1049 1733 1275 1785 caelestis
1311 1733 1572 1785 haberent
1606 1734 1938 1796 thesaurum,
1978 1733 2036 1783 in
2072 1734 2224 1801 cujus

289 1821 509 1871 compar
512 1804 690 1856 atione
712 1823 870 1856 omne
890 1805 997 1855 illis
1019 1805 1175 1856 viluit
1198 1805 1418 1856 aurum!
1487 1807 1520 1857 J
1525 1824 1611 1857 am
1633 1806 1734 1857 sibi
1754 1806 1891 1856 nihil
1911 1774 2225 1857 defuturum

287 1876 631 1944 reputabant,
673 1895 795 1928 cum
827 1878 1295 1945 inpraesentiarum
1324 1878 1474 1945 quasi
1500 1878 1765 1929 viventem
1794 1884 2091 1940 cernerent,
2132 1897 2226 1946 per

290 1967 449 2016 quem
489 1948 592 2000 sibi
630 1949 853 2017 largitas
888 1949 1087 2001 Divina
1118 1956 1171 2001 et
1202 1950 1482 2018 praesentis
1512 1950 1636 2001 vitae
1673 1950 1912 2001 subsidia
1947 1957 2001 2001 et
2027 1951 2225 2003 futurae

289 2021 485 2088 gaudia
524 2021 806 2073 conferret.
901 2023 1136 2085 Interea,
1176 2023 1415 2090 reliquiis
1457 2023 1777 2073 Sanctorum
1819 2023 2029 2085 ablatis,
2070 2042 2223 2073 suam

286 2094 343 2143 in
374 2094 590 2145 thecam
616 2094 783 2162 patris
817 2112 1008 2162 corpus
1042 2101 1417 2162 reposuerunt,
1460 2101 1688 2146 ventura
1713 2102 1871 2146 nocte
1900 2095 2222 2162 condignius

286 2166 423 2217 illud
451 2184 511 2217 ac
537 2166 813 2217 decentius
839 2167 1088 2229 locaturi,
1126 2185 1221 2234 pro
1248 2185 1310 2218 eo
1339 2167 1506 2235 quod,
1528 2167 1643 2235 jam
1669 2173 1800 2218 tunc
1826 2167 2063 2218 instante
2089 2168 2222 2219 hora

286 2238 583 2289 Nocturnae
629 2239 850 2302 Laudis,
903 2239 1155 2306 angustia
1198 2239 1455 2307 temporis
1500 2257 1611 2290 non
1655 2238 1959 2307 patiebatur
2003 2257 2091 2291 eos
2137 2240 2219 2291 his

285 2310 487 2361 diutius
515 2311 806 2362 immorari.
881 2312 1222 2379 Quapropter
1247 2313 1534 2363 decantato
1559 2311 1754 2363 humili
1779 2330 1924 2375 voce,
1958 2313 2026 2363 Te
2053 2314 2221 2363 Deum

288 2384 583 2446 laudamus,
625 2402 816 2451 corpus
855 2390 1103 2436 sanctum
1142 2384 1237 2436 illo
1279 2385 1420 2436 unde
1463 2384 1870 2447 transtulerant,
1906 2384 1962 2434 in
1993 2385 2218 2435 Psalmis

281 2455 577 2522 jubilantes
601 2456 856 2519 Domino,
876 2457 1196 2508 retulerunt.
1265 2458 1405 2508 Cum
1431 2462 1612 2508 autem
1638 2475 1795 2508 mane
1821 2457 1965 2508 facto
1991 2457 2049 2507 in
2076 2464 2220 2508 coetu

285 2528 514 2578 fratrum
554 2529 778 2580 collecto
817 2529 1133 2581 memoriam
1184 2529 1422 2581 facerent
1472 2529 1800 2580 mirabilium
1852 2529 1974 2592 Dei,
2026 2529 2106 2580 illi
2156 2548 2218 2581 ex

286 2600 524 2651 novitate
545 2601 623 2652 rei
643 2601 816 2669 primo
836 2601 893 2652 in
915 2601 1182 2669 quendam
1205 2602 1358 2669 quasi
1379 2608 1653 2669 stuporem
1670 2601 1826 2665 versi,
1846 2608 2030 2669 postea
2047 2602 2218 2669 magis

286 2673 521 2723 lacrimis
562 2691 723 2740 quam
754 2674 970 2725 vocibus
1010 2681 1331 2741 conceptum
1371 2692 1434 2725 ex
1469 2675 1571 2725 hoc
1603 2691 1711 2724 suae
1737 2674 1933 2724 mentis
1962 2674 2217 2741 gaudium

289 2751 415 2794 sunt
451 2745 711 2807 attestati,
751 2746 1006 2813 flexisque
1036 2746 1094 2796 in
1128 2753 1327 2797 terram
1364 2746 1607 2813 genibuS,
1645 2746 1843 2813 gratias
1870 2747 2218 2797 reddiderunt

289 2817 321 2866 J
326 2817 459 2867 hesu
500 2816 735 2880 ChristO,
781 2818 891 2870 Qui
931 2818 1005 2869 eis
1046 2824 1100 2869 et
1135 2819 1288 2886 cujus
1330 2818 1509 2869 meriti
1551 2824 1688 2869 esset
1730 2837 1888 2885 quem
1928 2824 2217 2886 patronum

286 2888 558 2939 habebant
599 2889 895 2953 ostendere,
936 2896 990 2940 et
1026 2890 1154 2957 quid
1181 2890 1282 2941 sibi
1316 2891 1381 2941 de
1412 2890 1620 2941 meritis
1645 2890 1791 2941 illius
1819 2908 2031 2957 sperare
2057 2897 2214 2957 potu-

286 2960 456 3012 issent
499 2960 751 3027 dignatus
789 2961 858 3012 sit
899 2962 1136 3013 edocere.
1232 2964 1308 3012 At
1347 2962 1644 3029 episcopus,
1680 2980 1790 3012 non
1824 2962 1979 3013 facile
2010 2962 2093 3012 his
2127 2980 2213 3013 00-

289 3032 634 3083 commodans
660 3033 838 3095 fidem,
871 3034 1091 3084 omnino
1112 3034 1391 3101 judicabat
1425 3033 1757 3096 incredibile,
1786 3051 1993 3100 00111118,
2028 3053 2213 3101 quam-

288 3105 422 3156 libet
450 3110 711 3169 sanctum,
734 3110 916 3156 tamen
942 3105 1258 3169 humanum,
1280 3123 1376 3173 per
1400 3111 1612 3156 tantum
1636 3105 1911 3172 temporis,
1940 3105 1994 3156 id
2022 3112 2101 3157 est
2121 3125 2216 3173 per

289 3176 728 3243 quadringentOS,
761 3176 946 3228 decem
977 3183 1031 3228 01
1057 3183 1178 3228 0010
1206 3195 1392 3240 0111108,
1422 3177 1487 3228 ab
1526 3176 1675 3228 omni
1709 3177 2067 3244 corruptionis
2094 3178 2215 3230 labe

288 3250 556 3299 intactum
600 3249 905 3316 perdurare.
1000 3250 1101 3300 Cui
1141 3249 1228 3300 vix
1274 3249 1560 3317 aliquando
1599 3248 1906 3300 satisfacere
1949 3250 2029 3300 illi
2064 3251 2212 3318 jure-

283 3321 517 3390 jurando
538 3326 805 3388 poterant,
825 3320 916 3388 qui
933 3320 1095 3372 etiam
1117 3339 1225 3372 non
1239 3322 1472 3389 jurando
1492 3339 1601 3372 non
1618 3339 1803 3372 verum
1820 3321 1995 3373 dicere
2013 3322 2215 3374 crimen

290 3393 575 3445 ducebant.
652 3393 830 3444 Nocte
866 3411 990 3444 vero
1023 3400 1205 3444 secuta
1235 3394 1379 3444 idem
1412 3393 1504 3461 qui
1540 3399 1664 3444 ante
1697 3393 1961 3445 affuerant
2002 3394 2212 3457 fratres,

289 3466 346 3516 in
388 3465 581 3532 spiritu
621 3464 942 3516 humilitatis
984 3471 1038 3516 et
1072 3465 1131 3515 in
1167 3465 1345 3517 animo
1385 3466 1615 3516 contrito
1647 3465 1885 3516 delatum
1928 3484 2110 3517 rursus
2156 3467 2214 3517 in

289 3538 526 3588 medium
559 3537 708 3588 chori
742 3536 1042 3588 venerabile
1077 3555 1284 3605 00111118,
1326 3556 1484 3605 super
1522 3538 1683 3605 pallia
1721 3555 1813 3604 per
1848 3538 2211 3605 pavimentum

290 3616 458 3660 strata
509 3616 562 3660 et
612 3610 817 3677 tapetia
867 3609 1160 3675 deponunt,
1207 3610 1349 3676 quod
1393 3610 1565 3677 primo
1611 3610 1942 3660 extrinsecus
1964 3610 2213 3677 -pretiosi

286 3681 496 3749 generis
516 3682 757 3748 pallium,
786 3688 839 3733 et
866 3688 985 3749 post
1011 3682 1112 3732 hoc
1133 3700 1195 3733 ex
1216 3700 1451 3749 purpura
1471 3682 1773 3744 dalmatica,
1802 3682 1993 3733 deinde
2014 3682 2210 3733 linthe-
