2384 4126
853 435 1109 469 HISTORIA
1148 435 1357 468 REGUM.
1988 417 2055 467 35

147 560 525 628 episcopatum,
567 566 620 613 et
659 567 778 628 post
821 578 1101 611 excursum
1145 577 1436 627 paucorum
1477 559 1702 621 dierum,
1741 558 1843 609 hoc
1888 564 1968 609 est
2001 557 2057 625 iij

147 633 253 683 kal.
282 633 621 696 Novembris,
659 633 724 683 ab
759 632 1037 683 Eanbaldo
1076 631 1468 699 archiepiscopo
1508 637 1561 682 et
1599 629 1888 697 Hygbaldo
1923 629 2059 695 epis-

148 721 278 770 copo
319 704 581 771 spirituali
629 704 831 755 honore
879 704 1156 754 ordinatus
1207 710 1287 755 est
1330 703 1387 753 in
1429 703 1546 754 loco
1591 702 1683 769 qui
1721 706 2063 767 nuncupatur

145 775 456 827 Wduforda.

955 925 1248 960 DCCXCVIII.

254 1023 415 1073 Anno
456 1022 731 1090 Dcc.xcviij
771 1021 1135 1090 conjuratione
1161 1021 1302 1072 facta
1328 1020 1393 1073 ab
1419 1018 1852 1072 interfectoribus
1877 1013 2063 1066 Ethel-

149 1093 298 1145 dredi
337 1094 495 1161 regis,
534 1094 708 1145 Wada
753 1094 859 1144 dux
902 1094 959 1143 in
1008 1094 1100 1144 illa
1151 1094 1517 1161 conjuratione
1562 1110 1684 1143 cum
1736 1090 1811 1141 eis
1859 1087 2064 1139 bellum

148 1166 385 1216 inierunt
409 1167 530 1229 (sic)
562 1172 747 1216 contra
772 1165 1099 1216 Eardwlfum
1124 1184 1305 1232 regem
1332 1166 1389 1215 in
1413 1165 1530 1216 loco
1558 1164 1649 1231 qui
1676 1161 1971 1230 appellatur
1999 1157 2064 1208 ab

151 1238 342 1304 Anglis
382 1238 753 1304 Billingahoth
779 1238 935 1304 juxta
960 1237 1238 1304 WValalege
1255 1259 1268 1299 ;
1312 1244 1382 1300 et,
1411 1255 1474 1288 ex
1500 1243 1725 1303 utraque
1760 1239 1910 1301 parte
1945 1230 2061 1298 plu-

149 1309 300 1360 rimis
325 1310 636 1372 interfectis,
663 1309 837 1360 Wada
879 1309 986 1359 dux
1027 1327 1148 1359 cum
1190 1309 1299 1359 suis
1339 1309 1397 1358 in
1439 1309 1623 1375 fugam.
1656 1324 1838 1357 versus
1873 1310 1970 1365 est,
2012 1307 2065 1352 et

148 1381 446 1432 Eardwlfus
471 1400 563 1433 rex
588 1381 865 1432 victoriam
890 1381 1141 1447 regaliter
1176 1381 1401 1447 sumpsit
1427 1398 1490 1431 ex
1516 1378 1786 1430 inimicis.²²
1859 1374 2066 1427 Eodem

153 1471 292 1503 anno
334 1453 618 1504 Lundonia
651 1453 775 1519 igne
815 1453 1094 1520 repentino
1136 1470 1258 1503 cum
1292 1471 1489 1519 magna
1513 1451 1792 1501 hominum
1817 1447 2063 1498 multitu-

151 1524 275 1575 dine
296 1531 610 1592 consumpta
630 1532 726 1576 est.
806 1524 909 1574 His
929 1523 1336 1591 tempestatibus
1357 1523 1589 1585 Kenwlf,
1605 1541 1698 1573 rex
1717 1519 2066 1579 Merciorum,

154 1613 275 1647 cum
317 1597 463 1647 omni
507 1596 768 1647 exercitus
810 1595 892 1646 sui
929 1596 1127 1646 virtute
1166 1595 1493 1662 provinciam
1529 1592 1943 1645 Cantuariorum
1983 1590 2065 1639 in-

152 1686 378 1734 gressus,
430 1667 720 1719 miserabili
769 1667 1092 1734 praedatione
1141 1684 1276 1733 pene
1325 1684 1493 1733 usque
1545 1666 1609 1716 ad
1660 1663 2111 1714 internicionem'

149 1745 395 1806 potenter
438 1739 682 1790 vastavit.
775 1740 976 1805 Captus
1020 1744 1100 1789 est
1141 1738 1327 1789 eodem
1377 1744 1617 1804 tempore
1660 1734 1937 1786 Eadberht
1980 1751 2071 1783 rex

151 1811 580 1873 Cantuariorum,
621 1811 771 1878 cujus
815 1810 995 1860 oculos
1034 1810 1284 1876 praecepit
1320 1809 1474 1860 avelli
1499 1827 1592 1860 rex
1626 1807 1975 1868 Merciorum,
2016 1812 2070 1856 et

150 1900 340 1936 manus
355 1882 843 1933 immisericorditer
867 1881 1100 1949 praecidi,
1122 1899 1230 1949 prae
1251 1881 1498 1948 superbia
1524 1887 1578 1931 et
1602 1878 1788 1930 fraude
1813 1878 2068 1945 ipsorum.

151 1955 360 2006 Deinde
385 1954 607 2005 Domini
633 1953 885 2021 suffragio
926 1953 1145 2020 potitus,
1187 1953 1382 2021 adjecit
1416 1952 1701 2020 imperium
1726 1950 1893 2017 ipsius
1919 1950 2070 2017 regni

151 2044 247 2077 suo
272 2026 513 2094 imperio,
552 2026 833 2093 imponens
868 2025 970 2076 sibi
1003 2043 1252 2076 coronam
1287 2025 1343 2074 in
1380 2025 1569 2092 capite,
1610 2029 1983 2091 sceptrumque
2014 2022 2071 2072 in

151 2117 331 2149 manu.

260 2169 464 2221 Eodem
516 2187 725 2236 quoque
776 2186 933 2231 anno,
988 2169 1077 2235 qui
1122 2175 1202 2220 est
1248 2186 1418 2219 annus
1467 2168 1522 2235 iij
1571 2168 1791 2218 Cenwlfi
1834 2166 2073 2234 praedicti

153 2241 312 2308 regis,
352 2241 554 2309 synodo
589 2246 911 2307 congregata
950 2240 1007 2289 in
1036 2241 1153 2291 loco
1185 2241 1277 2307 qui
1316 2240 1612 2307 appellatur
1637 2239 2074 2300 Wincanhalth,w

154 2313 470 2380 praesidente
495 2312 773 2363 Eanbaldo
810 2311 1203 2378 archiepiscopo
1235 2312 1456 2377 aliisque
1489 2310 1894 2378 quamplurimis
1925 2310 2070 2377 prin-

155 2385 413 2451 cipalibus
449 2390 502 2434 et
538 2383 931 2434 ecclesiasticism
967 2383 1109 2446 viris,
1152 2383 1324 2433 multa
1364 2383 1428 2433 de
1468 2382 1702 2433 utilitate
1738 2387 1935 2432 sanctae
1969 2381 2074 2433 Dei

157 2456 390 2506 ecclesiae
454 2455 731 2522 gentisque
791 2454 1395 2522 Northanhymbrorum
1457 2454 1804 2520 omniumque
1859 2453 2070 2520 provin-

158 2527 358 2577 ciarum
400 2526 665 2577 consiliati
709 2532 852 2588 sunt,
893 2531 946 2576 et
986 2526 1051 2577 de
1091 2526 1460 2577 observatione
1510 2525 1783 2576 Paschalis
1832 2525 1973 2588 festi,
2021 2532 2074 2576 et

150 2598 475 2666 judiciorum
501 2597 798 2648 divinorum
827 2603 984 2664 atque
1006 2597 1357 2660 saecularium,
1386 2615 1503 2664 quae
1519 2597 1576 2647 in
1598 2597 1783 2648 diebus
1804 2597 2073 2664 justorum

154 2688 342 2736 regum
382 2676 436 2721 et
477 2670 673 2720 ducum
712 2669 975 2720 bonorum
1002 2676 1161 2736 atque
1193 2675 1497 2720 sanctorum
1529 2669 1912 2736 episcoporum,
1942 2669 2071 2719 alio-

156 2760 382 2808 rumque
426 2741 764 2808 sapientium‚
817 2741 1202 2791 monachorum
1253 2741 1456 2792 scilicet
1502 2746 1661 2808 atque
1712 2740 2074 2803 clericorumy

157 2831 381 2880 quorum
406 2813 704 2879 prudentia,
745 2817 799 2863 et
819 2812 1050 2880 justitia,
1091 2818 1249 2879 atque
1276 2812 1468 2863 divinis
1496 2813 1699 2863 artibus
1726 2818 1896 2862 status
1921 2813 2075 2879 regni

156 2883 757 2952 Northanhymbrorum
786 2884 1016 2935 suaviter
1042 2889 1096 2935 et
1125 2884 1503 2935 inedicibiliter
1527 2883 1802 2935 redolebat
1827 2884 1911 2934 his
1936 2890 2072 2935 tem-

155 2956 386 3023 poribus.
465 2955 793 3006 Rationabili
832 2973 955 3007 vero
1000 2956 1220 3007 consilio
1264 2956 1633 3023 providebant,
1676 2962 1737 3006 ut
1774 2956 1839 3007 de
1873 2956 2075 3007 honore

158 3028 498 3079 ecclesiarum
518 3027 623 3078 Dei
643 3045 1019 3095 servorumque
1046 3028 1180 3096 Ejus
1204 3027 1614 3079 necessitatibus
1642 3027 1994 3094 disputarent,
2023 3034 2076 3079 et

158 3100 432 3151 servitium
458 3099 679 3150 Domini
706 3106 980 3166 augerent,
1020 3106 1082 3150 ut
1117 3117 1212 3167 pro
1246 3099 1330 3150 his
1356 3099 1658 3151 mercedem
1684 3107 1896 3150 aeternae
1921 3099 2075 3150 retri-

155 3171 391 3223 butionis
428 3171 624 3223 bonam
657 3171 1005 3239 perciperent.
1083 3171 1341 3239 Praecepit
1382 3171 1630 3222 dominus
1670 3171 1892 3222 antistes
1931 3171 2074 3222 Ean·-

239 3333 256 3351 υ
286 3326 375 3367 The
395 3326 534 3366 Saxon
554 3325 779 3367 Chronicle
809 3339 901 3377 says
926 3326 1022 3366 that
1050 3324 1169 3366 Alric
1190 3338 1265 3366 son
1286 3325 1332 3366 of
1356 3326 1620 3367 Headfearht
1639 3326 1708 3367 fell
1729 3327 1773 3367 in
1794 3327 1879 3367 this
1899 3338 2078 3378 engage-

157 3383 287 3422 ment.
345 3381 562 3433 Walalege
581 3381 616 3421 is
635 3381 841 3433 certainly
861 3380 1059 3433 Whalley
1080 3380 1126 3420 in
1146 3380 1415 3421 Lancashire.
1474 3381 1612 3422 There
1637 3382 1672 3421 18
1691 3396 1715 3421 a
1734 3382 1957 3422 mountain
1977 3392 2078 3421 near

157 3435 399 3476 Blackburn
421 3436 552 3476 called.
571 3436 756 3487 Billinge
776 3449 823 3476 or
843 3435 1051 3487 Bsslange,
1080 3436 1164 3475 and
1184 3436 1478 3488 Billingahoth
1499 3436 1533 3476 18
1553 3438 1758 3488 supposed
1777 3436 2078 3487 by'Whitaker

157 3491 386 3597 {zfsspugsse
415 3491 566 3543 village
586 3490 632 3531 of
656 3490 797 3543 Langs
820 3489 955 3542 (quasi
984 3489 1209 3543 Billangs),
1238 3491 1377 3531 which
1406 3491 1481 3532 lies
1510 3492 1699 3532 between
1730 3491 1975 3531 Blackburn
1995 3488 2078 3529 and

241 3606 263 3623 ω
292 3599 484 3641 Written
503 3599 607 3640 with
625 3613 650 3639 a
669 3601 711 3640 P
727 3599 772 3639 in
791 3599 865 3640 the
885 3599 978 3640 Ms.

240 3660 259 3677 ³
288 3653 421 3694 These
440 3655 561 3694 three
580 3655 713 3694 words
732 3667 802 3694 are
822 3659 866 3693 at
884 3655 958 3694 the
979 3654 1066 3695 foot
1084 3654 1130 3694 os
1155 3654 1228 3694 the
1247 3666 1366 3705 page.

241 3714 258 3738 ν
288 3708 421 3748 These
433 3711 515 3748 two
536 3709 669 3748 words
689 3721 759 3748 are
778 3709 1019 3749 interlined.
