2384 4126
783 384 1027 418 AUCTORE
1068 383 1351 417 ANONYMO.
1926 373 2026 421 145

117 514 151 537 “
172 510 410 561 sandune
447 510 505 560 in
543 509 738 560 auxilio
777 516 870 560 tuo
908 515 1169 576 paratum.
1252 509 1445 576 Sicque
1481 516 1664 561 contra
1699 510 1876 562 hostes
1909 518 2031 563 tuos

117 585 152 608 “
172 580 450 647 pugnabis,
478 587 532 632 et
558 582 671 631 sine
698 581 860 632 dubio
887 599 975 632 eos
1003 580 1289 648 superabis.
1362 582 1489 631 Post
1515 581 1629 632 haec
1656 589 1769 633 esto
1795 583 1949 634 laetus
1978 591 2031 634 et

116 656 150 679 “
171 653 434 716 robustus,
481 653 594 703 sine
639 653 848 715 timore,
894 653 1018 719 quia
1062 653 1209 703 Deus
1253 653 1474 703 tradidit
1519 653 1763 704 inimicos
1808 661 1929 704 tuos
1974 655 2031 705 in

116 727 149 750 “
170 724 415 774 manibus
443 725 570 787 tuis,
597 731 650 775 et
676 731 847 775 totam
872 724 1031 775 istam
1057 730 1271 788 terram,
1300 730 1354 775 et
1379 742 1605 792 regnum
1633 725 2032 776 haereditarium

117 798 150 821 “
172 795 272 846 tibi
297 802 350 846 et
376 796 498 846 filiis
529 796 655 859 tuis,
697 804 749 847 et
776 796 897 846 filiis
925 796 1158 846 filiorum
1185 802 1419 846 tuorum.
1497 797 1631 847 Esto
1670 797 1840 848 fidelis
1880 798 2029 859 mihi,

117 870 151 894 “
172 874 225 917 et
262 867 458 934 populo
495 885 631 930 meo,
675 867 800 935 quia
836 867 935 918 tibi
969 874 1022 918 et
1062 867 1186 918 filiis
1224 867 1332 918 tuis
1374 868 1499 918 data
1538 874 1619 919 est
1655 874 1770 919 tota
1811 869 2028 920 Albion.

116 941 150 964 “
172 939 304 989 Esto
332 939 529 1006 justus,
570 939 694 1006 quia
719 946 781 989 tu
806 957 861 989 es
888 939 1088 990 electus
1113 957 1205 990 rex
1231 939 1397 990 totius
1426 939 1742 991 Britanniae.
1824 940 1906 991 Sit
1932 941 2030 991 tibi

117 1013 150 1036 “
171 1011 318 1061 Deus
361 1010 678 1073 misericorS,
718 1017 771 1061 et
810 1028 908 1077 ego
947 1010 1022 1061 sic
1062 1010 1163 1061 tibi
1204 1028 1294 1061 ero
1336 1010 1537 1062 amicus
1574 1017 1719 1074 tuus,
1752 1018 1813 1062 ut
1851 1012 2030 1062 nullus

115 1082 498 1133 “adversarius
542 1082 821 1133 adversum
860 1089 913 1133 te
953 1083 1120 1149 possit
1159 1083 1500 1149 praevalere.''
1582 1084 1655 1134 Et
1696 1083 1809 1134 haec
1851 1084 2032 1135 omnia

114 1159 233 1204 acta
272 1160 398 1204 sunt
443 1154 735 1205 secundum
775 1154 877 1205 hoc
923 1154 1063 1221 quod
1110 1154 1342 1221 Spiritus
1390 1155 1619 1205 Sanctus
1663 1155 1798 1206 dixit
1836 1174 1930 1222 per
1974 1174 2030 1206 os

114 1225 287 1276 David
313 1225 602 1293 prophetae,
624 1227 877 1277 Dominus
905 1243 935 1275 a
958 1227 1160 1277 deoetrz's
1187 1227 1292 1277 tuis
1318 1225 1574 1293 confreyit
1599 1228 1654 1277 in
1682 1228 1765 1278 die
1791 1228 1886 1279 iroe
1915 1228 2031 1278 Suoe

111 1306 294 1362 reyes?
385 1298 457 1347 Et
502 1297 644 1348 alibi.
726 1299 806 1348 De
837 1297 1026 1363 fructu
1070 1298 1267 1349 ventris
1312 1299 1389 1348 tui
1422 1316 1619 1364 ponam
1663 1316 1818 1365 super
1860 1300 2029 1350 sedem

114 1373 303 1419 tuam.w
377 1370 527 1419 Tunc
563 1369 810 1420 Elfredus
843 1369 1040 1436 gratias
1079 1369 1188 1435 egit
1230 1370 1363 1433 Deo,
1405 1377 1458 1420 et
1495 1371 1693 1421 Sancto
1730 1370 2030 1422 Cuthberto

112 1447 328 1507 propter
353 1440 771 1492 misericordiam
797 1458 980 1491 eorum
1008 1447 1061 1491 et
1086 1448 1405 1508 perpetuum
1433 1442 1709 1504 auxilium,
1737 1443 2029 1493 secundum

111 1511 213 1561 hoc
240 1512 380 1579 quod
406 1512 540 1563 dixit
560 1513 705 1563 Deus
734 1512 800 1562 ad
820 1512 992 1562 David
1017 1530 1111 1579 per
1136 1529 1194 1562 os
1223 1513 1487 1563 Samuelis
1514 1514 1800 1580 prophetae.
1866 1515 2027 1565 Jura-

112 1584 187 1634 vit
214 1585 467 1635 Dominus
493 1589 543 1635 et
568 1602 669 1635 non
683 1584 959 1650 paenitebit
984 1585 1164 1634 Eum.³⁶
1236 1585 1309 1634 Et
1336 1584 1480 1634 alibi.
1557 1586 1683 1634 Filii
1710 1586 1803 1648 tui,
1845 1592 1895 1637 et
1920 1586 2030 1651 filii

99 1654 335 1719 filiorum
362 1661 565 1706 tuorum
590 1656 836 1706 sedebunt
860 1672 1015 1721 super
1039 1656 1208 1705 sedem
1236 1661 1425 1706 tuamss
1503 1655 1591 1706 Sic
1617 1656 1869 1719 visitavit,
1904 1674 2028 1707 con-

113 1726 345 1789 fortavit,
387 1726 585 1788 docuit,
615 1726 756 1794 juvit
781 1726 884 1777 iste
911 1732 1125 1776 sanctus
1154 1726 1442 1777 Confessor
1469 1727 1671 1778 Christi
1698 1728 2027 1779 Cuthbertus

111 1798 408 1860 Elfredum,
445 1798 582 1848 sicut
620 1798 765 1860 olim,
808 1804 868 1848 ut
903 1798 960 1847 in
986 1797 1217 1864 Anglica
1246 1798 1492 1849 Historia
1516 1799 1753 1866 legitur,²
1796 1801 2027 1851 Sanctus

111 1870 300 1920 Petrus
344 1870 598 1920 Eadwino
642 1870 756 1936 regi
798 1887 1008 1936 pagano
1050 1886 1261 1921 crucem
1313 1888 1529 1921 auream
1579 1871 1766 1921 dextra
1817 1878 2027 1939 gestans

113 1942 374 2008 apparuit,
404 1959 459 1992 se
484 1942 705 1992 Petrum
731 1942 1026 2008 principem
1054 1959 1168 1992 esse
1193 1942 1577 2008 Apostolorum
1606 1943 1850 2006 asseruit,
1880 1961 2026 1994 coro-

111 2031 237 2063 nam
263 2013 514 2075 ostendit,
556 2019 609 2064 et
642 2019 705 2063 ut
745 2013 1118 2080 paganismum
1158 2013 1500 2081 relinqueret,
1536 2015 1818 2081 praecepit,
1863 2022 1916 2066 et
1953 2016 2028 2066 sic

112 2102 235 2135 eum
284 2084 483 2152 ubique
529 2085 782 2136 victorem
825 2085 1069 2135 futurum
1112 2085 1373 2152 praedixit,
1420 2085 1557 2136 sicut
1602 2086 1764 2137 etiam
1812 2088 2028 2138 Samuel

112 2156 287 2207 David
326 2157 440 2224 regi
479 2156 624 2208 fecit.
701 2156 966 2224 Deinceps
1002 2157 1253 2208 Elfredus
1290 2175 1381 2208 rex
1420 2157 1524 2207 fuit
1558 2157 1730 2221 fortiS,
1768 2164 1821 2210 et
1852 2159 2026 2220 laetus,

112 2228 237 2294 quia
256 2228 457 2279 sciebat
477 2246 531 2279 se
550 2228 746 2295 ubique
766 2229 878 2279 fore
898 2229 1168 2292 victorem,
1194 2228 1450 2296 quamdiu
1468 2229 1683 2291 viveret,
1711 2247 1805 2296 per
1826 2230 2027 2281 donum

112 2300 232 2362 Dei,
276 2307 329 2350 et
368 2300 624 2350 auxilium
661 2300 873 2367 patroni
914 2300 997 2350 sui
1042 2301 1227 2350 Sancti
1272 2300 1572 2351 Cuthberti.
1650 2301 1842 2368 Itaque
1883 2301 2025 2353 facto

112 2388 269 2421 mane
310 2371 556 2435 surrexit,
604 2371 669 2422 ad
706 2377 903 2422 terram
942 2371 1227 2438 navigavit,
1271 2388 1438 2422 cornu
1475 2390 1571 2422 suo
1608 2372 1781 2423 tribus
1822 2373 2025 2424 vicibus

114 2443 327 2509 signum
346 2442 510 2505 dedit,
540 2460 645 2509 quo
672 2443 854 2493 sonitu
873 2460 1056 2493 omnes
1079 2442 1236 2493 amici
1256 2443 1370 2511 ejus
1392 2450 1518 2493 sunt
1540 2443 1759 2494 exaltati
1779 2465 1787 2495 :
1821 2444 2026 2496 inimici

112 2532 236 2565 vero
275 2514 559 2565 humiliati.
652 2515 860 2582 Itaque,
901 2514 1195 2565 secundum
1232 2514 1452 2565 verbum
1491 2515 1612 2577 Dei,
1649 2515 1789 2567 circa
1827 2534 2026 2567 nonam

112 2586 280 2652 ipsius
306 2585 413 2636 diei
438 2585 642 2648 horam,
683 2586 1017 2653 congregatis
1047 2586 1113 2636 ad
1139 2604 1263 2637 eum
1290 2586 1597 2653 quingentis
1625 2587 1690 2638 de
1716 2587 2027 2639 melioribus

113 2664 166 2709 et
193 2657 483 2709 carioribus
512 2657 695 2708 amicis
723 2658 850 2720 suis,
877 2657 1087 2724 publice
1112 2658 1348 2708 narravit
1375 2658 1503 2725 quid
1523 2659 1842 2725 praecedenti
1867 2667 2025 2711 nocte

112 2729 347 2791 vidisset,
387 2735 439 2779 et
475 2747 506 2779 a
531 2735 715 2779 sancto
743 2729 1059 2781 Confessore
1092 2729 1343 2791 audisset,
1383 2736 1436 2780 et
1464 2730 1692 2797 qualiter
1719 2730 1784 2782 ab
1810 2749 1871 2783 eo
1899 2750 2024 2782 con-

111 2801 338 2851 fortatus
385 2806 539 2851 esset.
615 2801 860 2852 Asseruit
901 2801 1063 2853 etiam
1103 2801 1208 2851 illis
1251 2801 1392 2868 quod
1429 2820 1523 2868 per
1567 2802 1767 2853 donum
1808 2803 1929 2864 Dei,
1973 2811 2026 2854 et

111 2873 367 2923 auxilium
392 2872 576 2923 Sancti
596 2872 895 2935 Cuthberti,
924 2873 1010 2924 cui
1030 2873 1277 2940 deinceps
1300 2873 1554 2924 deberent
1573 2874 1766 2926 merito
1792 2875 2026 2938 obedire,

111 2944 290 2995 hostes
323 2944 614 3006 vincerent,
652 2951 706 2995 et
739 2952 937 2995 terram
971 2945 1307 2996 haereditario
1336 2946 1456 3012 jure
1497 2945 1818 2997 obtinerent.
1894 2948 2025 2997 Am-

111 3016 321 3067 monuit
365 3016 527 3067 etiam
572 3034 678 3078 eos,
730 3022 807 3079 ut,
854 3017 1148 3067 secundum
1192 3017 1491 3067 doctrinam
1535 3017 1681 3068 beati
1724 3018 2026 3082 Cuthberti,

110 3087 359 3154 fugerent
397 3087 690 3150 avaritiam,
730 3088 1002 3150 invidiam,
1038 3088 1254 3155 longam
1281 3088 1435 3150 iram,
1470 3088 1747 3153 adulteria,
1774 3090 2027 3158 perjuria,

111 3159 413 3221 homicidia,
465 3165 517 3210 et
561 3159 742 3210 omnia
785 3160 926 3210 mala
945 3181 959 3222 3
1014 3165 1074 3210 ut
1118 3166 1296 3211 essent
1341 3160 1457 3210 Deo
1501 3160 1702 3224 fideles,
1746 3161 2028 3228 patientes,

112 3230 358 3292 humiles,
398 3230 706 3297 hospitales,
739 3231 1113 3294 elemosinarii,
1149 3231 1533 3294 misericordes,
1573 3232 1833 3295 modesti3
1878 3239 1931 3284 et
1969 3240 2030 3283 ut

113 3301 372 3351 haberent
411 3301 553 3352 inter
604 3320 658 3353 se
697 3309 937 3353 sanctam
974 3303 1151 3365 fidem,
1207 3310 1260 3354 et
1306 3303 1593 3370 justitiam,
1634 3309 1687 3354 et
1730 3304 2027 3355 veritatem.

113 3372 431 3422 Ammonuit
467 3373 628 3423 etiam
663 3374 833 3424 filium
869 3392 1026 3425 suum
1060 3374 1433 3437 Eadwardum,
1474 3375 1564 3441 qui
1601 3375 1678 3425 ibi
1716 3381 1847 3437 erat,
1891 3376 2032 3441 quod

116 3443 159 3493 si
200 3443 360 3494 vellet
404 3461 515 3494 esse
559 3444 727 3495 fidelis
769 3446 885 3496 Deo
935 3451 989 3497 et
1042 3447 1240 3497 Sancto
1286 3446 1603 3508 Cuthberto,
1647 3464 1755 3497 non
1802 3446 1850 3497 ei
1894 3452 2033 3497 esset

196 3576 213 3593 ¹'
242 3568 310 3609 Ps.
332 3568 411 3608 cix.
434 3570 471 3609 5.
611 3575 634 3591 ¹⁰
663 3568 731 3610 Ps.
754 3570 891 3611 cxxxi.
914 3573 979 3611 11.
1119 3577 1139 3594 ’
1168 3570 1236 3611 Ps.
1258 3571 1337 3611 cix.
1359 3574 1397 3610 4.
1535 3579 1555 3603 ³(
1590 3570 1733 3610 Psalm
1752 3570 1890 3610 cxxxi.
1913 3573 1976 3613 12.

115 3678 162 3719 St
197 3623 371 3718 ²P]{eda‚
403 3623 532 3672 Hist„
567 3623 624 3671 ii„
661 3627 725 3664 12.
784 3624 829 3664 It
862 3625 896 3664 is
927 3627 1016 3674 not,
1049 3625 1254 3674 however,
1286 3625 1374 3665 said
1400 3625 1520 3666 there
1544 3625 1638 3666 that
1664 3625 1737 3665 the
1757 3624 1932 3665 visitant
1953 3637 2035 3666 was

167 3711 173 3719 .
236 3690 257 3718 e
280 3691 336 3719 er.

1716 3751 1745 3786 L
