2384 4126
779 345 1047 379 HISTORIAE
1089 345 1477 379 CONTINUATIO.
2019 335 2088 385 93

169 469 709 537 Northymbrensem,
739 469 831 521 sed
858 487 920 521 eo
946 476 1101 537 capto
1127 487 1219 521 rex
1246 471 1280 520 J
1284 470 1441 521 unior
1465 471 1791 535 willelmus,
1826 472 2089 542 hodieque

167 559 259 592 rex
289 541 557 595 Henricus
582 541 1032 609 Northymbriam
1057 542 1116 591 in
1142 560 1238 592 sua
1262 548 1413 593 tenet
1437 561 1619 593 manu.

280 612 402 675 His,
435 613 502 663 ob
529 613 779 663 notitiam
805 631 1171 680 personarum,
1211 631 1305 680 per
1331 632 1605 665 excessum
1631 614 1981 682 interpositis,
2022 618 2089 668 ad

169 684 585 735 continuandam
620 685 909 752 interrupti
943 678 1144 736 ordinis
1176 686 1366 737 seriem
1399 686 1553 736 stilus
1587 692 1901 738 revertatur.
1978 689 2086 739 De-

162 756 308 822 jecto
350 755 415 806 ab
455 756 655 807 honore
696 757 1024 823 Cospatrico,
1051 757 1404 808 VValtheovus
1441 758 1499 807 in
1538 758 1854 809 comitatum
1892 760 2085 810 sustol-

167 826 314 890 litur,
358 827 407 878 ei
451 845 515 878 ex
559 827 722 894 patris
765 846 825 879 ac
861 829 1049 879 matris
1082 829 1328 896 prosapia
1372 829 1629 880 debitum.
1710 830 1905 881 Fuerat
1945 832 2088 882 enim

170 899 393 949 Siwardi
419 900 630 950 comitis
656 900 796 950 filius
824 917 887 951 ex
913 900 1021 950 filia
1047 901 1316 967 quondam
1348 900 1560 952 comitis
1586 901 1811 953 Aldredi
1837 903 2084 954 AElfleda.

277 971 483 1021 Eodem
524 977 781 1039 tempore,
822 972 1025 1023 scilicet
1056 990 1160 1038 quo
1198 991 1290 1023 rex
1323 990 1565 1024 reversus
1592 973 1657 1024 de
1686 974 1867 1024 Scotia
1891 974 2085 1038 fuerat,

169 1041 224 1091 in
259 1043 528 1093 Dunelmo
567 1044 845 1094 castellum
885 1044 1140 1107 condidit,
1180 1044 1274 1095 ubi
1301 1063 1356 1095 se
1383 1063 1503 1095 cum
1533 1045 1641 1095 suis
1669 1046 1944 1113 episcopus
1970 1053 2087 1098 tute

168 1114 234 1164 ab
260 1114 659 1166 incursantibus
689 1115 886 1167 habere
922 1116 1197 1183 potuisset.
1276 1118 1517 1167 Fuerunt
1557 1124 1735 1168 autem
1776 1118 2086 1168 amicissimi

168 1185 372 1252 sibique
423 1193 611 1237 mutuo
658 1187 886 1238 acclines
931 1188 1249 1239 VValcherus
1301 1189 1576 1255 episcopus
1629 1196 1682 1240 et
1732 1190 2086 1241 Waltheovus

168 1274 361 1308 comes.
440 1259 600 1310 Unde
640 1277 750 1309 una
789 1277 911 1309 cum
953 1259 1197 1327 episcopo
1230 1266 1282 1311 et
1316 1260 1374 1309 in
1410 1261 1613 1328 synodo
1650 1261 2084 1328 presbyterorum

166 1330 420 1392 residens,
463 1330 739 1381 humiliter
780 1337 834 1381 et
875 1331 1187 1382 obedienter
1231 1332 1650 1399 prosequebatur
1695 1333 1946 1400 quicquid
1988 1352 2084 1401 pro

166 1401 479 1468 corrigenda
505 1403 561 1452 in
588 1420 683 1453 suo
711 1403 968 1453 comitatu
1005 1403 1413 1455 Christianitate
1450 1410 1711 1456 statutum
1747 1404 1813 1455 ab
1840 1405 2085 1474 episcopo

163 1472 368 1524 fuisset.

1010 1585 1248 1617 MLXXIII.

267 1664 428 1715 Anno
456 1665 686 1715 Μ.11111111.
765 1666 831 1715 Ι11
877 1665 976 1716 1106
1018 1683 1157 1716 anno
1199 1665 1380 1715 omnia
1411 1665 1568 1732 juxta
1607 1684 1821 1717 cursum
1863 1667 1989 1718 solis
2031 1675 2084 1720 et

164 1736 306 1786 lunae
330 1736 599 1787 habentur
634 1737 771 1787 sicut
805 1737 861 1786 in
895 1755 1034 1787 anno
1069 1755 1136 1787 xv
1162 1737 1378 1799 Tiberii,
1420 1738 1477 1787 in
1520 1755 1624 1805 quo
1663 1738 1964 1805 baptizatus
2006 1746 2087 1791 est

161 1808 444 1870 Dominus,
472 1808 528 1858 id
554 1815 633 1859 est
659 1809 772 1859 dies
797 1808 1135 1875 baptismatis
1151 1808 1238 1876 viij
1264 1809 1384 1858 idus
1406 1810 1439 1858 J
1445 1809 1669 1872 anuarii,
1692 1810 1777 1861 die
1799 1811 2085 1863 Dominico

161 1879 475 1946 Epiphaniae
510 1887 562 1931 et
593 1881 628 1948 ij
667 1880 816 1944 feria,
846 1881 1063 1930 initium
1085 1881 1280 1949 Jejunii
1307 1881 1420 1947 ejus
1447 1881 1500 1931 xl
1526 1881 1728 1932 diebus.
1805 1884 1856 1933 A
1883 1883 2083 1951 baptis-

163 1958 306 2002 mate
340 1951 520 2019 itaque
557 1952 782 2003 Domini
817 1953 875 2002 in
918 1970 1058 2003 anno
1104 1952 1291 2019 quinto
1326 1953 1533 2004 decimo
1572 1953 1770 2004 Tiberii
1809 1954 2084 2023 hucusque

162 2030 287 2073 sunt
313 2024 540 2074 revoluti
573 2024 678 2075 duo
712 2025 896 2092 magni
923 2024 1059 2087 cicli,
1096 2025 1198 2075 hoc
1225 2031 1305 2076 est
1332 2024 1479 2076 mille
1505 2025 1636 2094 lxiiij
1669 2026 2085 2079 anni—Comes

161 2095 530 2158 Waltheovus,
570 2096 733 2147 missa
770 2115 934 2147 manu
964 2096 1140 2147 valida
1177 2096 1742 2165 Northymbrensium,
1780 2116 1966 2149 necem
2003 2100 2085 2151 avi

161 2168 241 2218 sui
286 2167 510 2218 Aldredi
551 2168 761 2219 comitis
803 2169 1089 2219 crudeliter
1129 2168 1424 2231 ulciscitur,
1479 2169 1742 2236 siquidem
1780 2170 1917 2221 filios
1959 2172 2084 2222 Carl

161 2239 252 2306 qui
296 2257 418 2290 eum
463 2240 632 2290 occidi
675 2240 892 2303 fecerat,
936 2240 1075 2307 apud
1116 2240 1500 2307 Seteringetun
1542 2241 1702 2291 simul
1743 2242 2083 2295 convivantes

161 2310 369 2378 gladius
395 2311 767 2362 insidiantium
796 2311 1142 2379 consumpsit.

1010 2477 1235 2511 MLXXIV.

268 2567 429 2618 Anno
475 2567 704 2635 M.lxxiiij
756 2567 1176 2631 Hildebrandus,
1220 2566 1311 2634 qui
1353 2573 1405 2618 et
1452 2568 1763 2634 Gregorius,
1806 2569 2083 2619 Romanus

163 2638 581 2702 archidiaconus,
626 2658 763 2707 papa
807 2646 886 2690 est
932 2639 1132 2690 electus
1184 2645 1237 2690 et
1281 2638 1470 2690 factus,
1549 2641 1662 2690 Iste
1702 2659 1838 2707 papa
1878 2641 2082 2708 synodo

162 2711 445 2774 celebrata,
474 2729 538 2762 611
565 2711 778 2762 decreto
807 2711 992 2762 Sancti
1019 2711 1167 2762 Petri
1191 2711 1438 2778 Apostoli
1467 2718 1520 2762 et
1554 2712 1739 2763 Sancti
1767 2712 2080 2775 Clementis,

162 2783 493 2850 aliorumque
545 2784 864 2834 Sanctorum
916 2789 1129 2850 patrum
1181 2790 1234 2834 et
1285 2783 1463 2833 banno
1517 2783 1797 2835 interdixit
1857 2784 2078 2847 clericis,

163 2855 393 2905 maxime
428 2854 624 2906 Divino
664 2855 963 2906 ministerio
1005 2854 1342 2917 consecratiS,
1378 2873 1570 2907 uxores
1605 2855 1821 2917 habere,
1848 2856 1931 2907 vel
1959 2874 2077 2907 cum

158 2926 472 2977 mulieribus
498 2927 759 2990 habitare,
801 2927 906 2978 nisi
941 2946 1070 2994 quas
1105 2927 1318 2978 Nicena
1353 2927 1587 2994 synodus
1614 2928 1697 2979 vel
1734 2928 1823 2978 alii
1850 2945 2080 2979 canones

159 2997 515 3065 exceperunt.i
588 3000 839 3050 Decrevit
878 3018 1106 3066 quoque,
1148 2999 1246 3050 sub
1290 3000 1558 3050 sententia
1594 3000 1779 3050 Sancti
1817 3000 1981 3062 Petri,
2019 3006 2080 3050 ut

160 3088 280 3121 cum
315 3070 532 3122 Simone
567 3071 736 3137 Mago
774 3071 1119 3122 damnaretur
1154 3089 1261 3122 non
1295 3070 1467 3122 solum
1508 3078 1716 3138 emptor
1751 3079 1804 3123 et
1835 3072 2080 3123 venditor

160 3143 541 3210 cujuscumque
568 3143 744 3207 officii,
771 3150 833 3194 ut
860 3150 989 3211 puta
1024 3143 1376 3211 episcopatUS,
1417 3143 1661 3206 abbatiae,
1697 3143 2076 3211 praepositurae,

159 3311 223 3352 for
241 3312 306 3351 his
326 3312 515 3363 nephew,
545 3324 587 3351 as
607 3310 747 3352 Morel
766 3310 838 3350 did
866 3309 1119 3350 afterwards.
1177 3309 1239 3350 At
1267 3309 1322 3349 all
1352 3311 1498 3350 events
1521 3323 1582 3351 we
1608 3311 1735 3351 know
1760 3311 1806 3351 in
1833 3312 1905 3352 the
1925 3325 2016 3353 case
2036 3313 2082 3353 of

157 3369 240 3406 two
260 3367 445 3407 charters
463 3369 508 3406 to
527 3366 667 3406 which
692 3366 766 3406 the
792 3378 936 3405 names
963 3365 1008 3404 of
1033 3365 1255 3417 Mowbray
1275 3365 1359 3404 and
1388 3365 1455 3404 his
1484 3365 1609 3405 uncle
1638 3378 1708 3406 are
1738 3367 1840 3407 both
1867 3368 2076 3417 attached,

157 3421 252 3461 that
271 3421 344 3461 the
365 3422 519 3461 former
538 3421 653 3472 signs
679 3433 722 3460 as
748 3420 849 3460 Earl
869 3420 915 3460 of
939 3419 1351 3470 Northumberland,
1379 3420 1453 3460 the
1472 3420 1598 3460 latter
1618 3420 1771 3472 simply
1791 3435 1835 3461 as
1855 3421 2014 3472 Bishop
2034 3422 2081 3461 of

159 3475 394 3515 Coutances
417 3475 661 3526 (Appendix
683 3475 730 3515 in
750 3475 866 3515 Hist.
887 3474 1103 3524 Dunelm.,
1133 3474 1365 3525 Scriptores
1386 3475 1501 3524 Tres,
1529 3488 1598 3526 pp.
1624 3488 1663 3525 v,
1684 3476 1789 3525 xvi).
1848 3475 1924 3515 See
1947 3478 2033 3515 also
2052 3489 2076 3516 a

153 3529 329 3581 judicial
349 3530 576 3570 document
595 3529 639 3569 in
660 3529 734 3570 the
754 3542 866 3569 same
889 3529 1124 3579 collection,
1153 3542 1193 3580 p.
1214 3529 1292 3579 liii,
1323 3529 1369 3569 in
1391 3529 1529 3569 which
1558 3529 1782 3570 Waltheof
1806 3529 1841 3570 is
1860 3530 2075 3571 described

158 3598 201 3624 as
221 3585 294 3625 the
314 3584 431 3624 third
450 3584 536 3624 earl
555 3584 602 3623 in
621 3584 742 3624 order
760 3584 958 3635 previous
977 3587 1022 3624 to
1041 3584 1143 3623 Earl
1164 3584 1325 3624 Robert
1344 3584 1395 3624 de
1415 3584 1647 3636 Mowbray.

243 3639 251 3663 ἱ
282 3638 359 3678 See
380 3638 591 3678 Bar-onius
611 3639 746 3678 under
765 3638 838 3678 the
859 3651 958 3690 year
978 3637 1098 3688 1075,
1119 3640 1196 3678 etc.
