2384 4126
330 371 402 423 26
947 387 1219 421 sYMEoNIS
1259 386 1650 421 DUNELMENSIS

329 532 393 566 ex
418 514 519 565 hac
544 514 663 565 luce
698 513 948 581 migravit
984 513 1050 565 ad
1085 519 1297 565 aeternae
1333 513 1469 564 lucis
1506 512 1915 580 perennitatem,
1955 511 2250 574 EanbaldO,

328 604 384 638 se
420 586 594 637 adhuc
628 586 856 649 vivente,
895 586 961 637 ad
988 585 1212 637 eandem
1238 585 1419 637 sedem
1445 585 1708 636 ordinato.
1785 584 2020 651 Cymwlf
2043 601 2252 651 quoque

330 658 606 726 episcopus
623 658 811 710 eodem
832 676 989 722 ann0,
1007 658 1209 709 relictis
1226 657 1568 709 saecularibus
1590 656 1746 720 curiS,
1767 656 2041 723 Higbaldo
2059 655 2251 722 guber-

327 731 521 782 nacula
547 730 782 782 ecclesiae
808 748 930 781 cum
958 730 1217 782 electione
1242 729 1411 781 totius
1437 729 1654 780 familiae
1687 728 1969 779 commisit.
2047 727 2254 779 Eodem

329 802 493 854 etiam
529 820 668 853 anno
708 802 955 854 Eanbald
990 802 1266 870 episcopus
1299 802 1524 869 pallium
1559 801 1624 852 ab
1651 800 1961 868 Apostolica
1997 800 2119 851 sede
2155 798 2257 850 sibi

331 874 595 925 directum
638 874 871 942 accepit,
915 874 1007 942 qui
1048 891 1110 926 eo
1150 872 1418 942 susceptoj
1453 873 1511 924 in
1556 873 1921 941 episcopatum
1966 871 2258 923 solenniter

332 952 413 997 est
440 947 802 998 confirmatus

1155 1069 1438 1103 DCCLXXXI.

440 1159 602 1210 Anno
634 1158 898 1225 Dcc.lxxxj
933 1157 1203 1209 Hibaldus
1231 1164 1569 1209 consecratus
1596 1163 1676 1209 est
1704 1156 2021 1225 episcopusfl
2095 1157 2258 1208 Alch-

329 1230 564 1282 mundus
602 1230 1053 1297 Hagustaldensis
1095 1229 1330 1281 ecclesiae
1369 1230 1579 1297 praesul,
1627 1230 1835 1281 eximiae
1879 1229 2152 1296 religionis
2203 1235 2256 1280 et

330 1320 650 1369 magnarum
684 1302 764 1352 vir
803 1301 1085 1365 virtutum,
1125 1307 1409 1369 postquam
1448 1302 1540 1369 xiij
1587 1301 1741 1352 annis
1782 1301 2084 1352 sublimiter
2122 1319 2254 1369 prae-

328 1374 495 1425 fatam
536 1373 760 1425 rexisset
796 1373 1093 1436 ecclesiam,
1125 1379 1386 1440 regnante
1425 1373 1806 1441 gloriosissimo
1847 1373 2256 1441 Northanhym-

328 1446 550 1498 brorum
576 1464 701 1513 rege
726 1445 1008 1509 Elfwaldo,
1046 1463 1187 1497 anno
1221 1446 1275 1514 iij
1313 1446 1468 1514 regni
1506 1447 1639 1514 ejuS,
1671 1446 1738 1513 vij
1778 1445 1899 1496 idus
1928 1445 2258 1513 Septembris

328 1518 456 1569 huic
499 1518 623 1570 vitae
664 1518 886 1569 modum
925 1517 1053 1569 fecit
1070 1539 1083 1580 3
1132 1518 1223 1585 qui
1263 1535 1359 1585 pro
1399 1518 1607 1569 meritis
1651 1523 1864 1569 aeternae
1909 1517 2259 1568 beatitudinis

330 1597 411 1642 est
451 1590 716 1658 particeps
756 1590 946 1641 factus
1042 1590 1297 1657 Sepultus
1331 1608 1456 1642 vero
1501 1596 1581 1641 est
1620 1590 1776 1657 juxta
1819 1589 2260 1657 praedecessorem

331 1681 489 1713 suum
515 1662 817 1714 reverendae
843 1662 1115 1714 memoriae
1142 1663 1402 1713 Sanctum
1428 1663 1631 1713 Accam
1658 1662 1979 1729 episcopum.
2045 1662 2129 1713 De
2156 1679 2260 1728 quo

328 1735 446 1786 loco
480 1740 600 1802 post
636 1752 802 1785 annos
828 1735 1112 1801 plusquam
1140 1752 1252 1786 CCL.
1282 1734 1481 1785 Divina
1506 1734 1829 1786 revelatione
1860 1734 2151 1785 translatus
2180 1740 2260 1784 est

329 1807 432 1858 1100
476 1806 671 1857 mod0.Z
770 1808 1030 1873 Tempore
1074 1806 1168 1858 illo
1212 1806 1316 1857 suit
1362 1806 1578 1874 quidam
1625 1806 1845 1874 dregmo
1888 1807 1946 1856 in
1989 1805 2260 1857 territorio

333 1878 784 1946 Hagustaldensis
819 1878 1073 1942 ecclesiae,
1112 1879 1292 1930 Deum
1316 1878 1470 1930 valde
1495 1879 1710 1942 timens,
1721 1847 1807 1930 ²3et
1848 1878 2261 1929 elemosinarum

331 1951 598 2019 operibus,
626 1957 785 2018 prout
810 1951 1037 2002 facultas
1065 1951 1166 2002 sibi
1187 1950 1578 2018 suppeditabat,
1606 1950 1751 2001 haud
1772 1950 2007 2018 segniter
2029 1950 2259 2014 deditus,

333 2041 393 2074 ac
406 2041 513 2103 ’per
539 2023 721 2073 omnia
742 2042 772 2073 a
793 2023 1319 2090 comprovincialium
1346 2022 1583 2073 moribus
1602 2023 1714 2073 vita
1739 2023 2062 2074 discordans
2128 2024 2262 2074 Erat

333 2095 478 2146 enim
518 2095 668 2146 mirae
709 2095 1069 2162 simplicitatis
1113 2101 1167 2146 et
1203 2095 1526 2146 innocentiae
1563 2095 1741 2158 hom0,
1784 2113 1843 2146 ac
1878 2113 2005 2162 erga
2036 2095 2263 2146 Sanctos

334 2167 439 2219 Dei
490 2166 789 2218 devotionis
840 2173 893 2218 et
943 2167 1302 2218 venerationis
1357 2167 1650 2218 immensae.
1747 2167 2088 2234 Quapropter
2138 2185 2264 2218 eum

332 2257 519 2290 omnes
559 2238 721 2290 vicini
756 2239 837 2289 sui
871 2239 930 2289 in
967 2257 1164 2306 magno
1204 2239 1405 2290 honore
1444 2239 1734 2302 habebant,
1775 2239 2037 2306 illumque
2076 2257 2263 2290 verum

331 2311 437 2362 Dei
464 2311 725 2362 cultorem
753 2310 1107 2379 appellabant.
1190 2311 1335 2362 Huic
1361 2311 1541 2378 itaque
1567 2311 1797 2378 quadam
1823 2317 1980 2363 nocte
2005 2310 2064 2361 in
2090 2317 2265 2363 stratu

331 2401 427 2434 suo
467 2383 764 2451 quiescenti
803 2383 1046 2450 apparuit
1086 2383 1302 2452 quidam
1332 2383 1412 2434 vir
1445 2383 1742 2451 pontificali
1765 2383 1937 2434 infula
1963 2383 2262 2447 decoratUS,

329 2455 643 2523 virgamque
669 2455 992 2523 pastoralem
1018 2456 1074 2507 in
1102 2474 1267 2506 manu
1290 2461 1498 2507 tenens.
1578 2456 1717 2506 Cum
1745 2474 1848 2522 qua
1875 2473 1998 2506 eum
2024 2455 2260 2522 pulsans,

332 2527 408 2579 sic
436 2528 509 2578 ait
534 2528 632 2591 illi,
663 2532 697 2555 “
717 2529 907 2595 Surge,
939 2528 1072 2579 vade
1100 2533 1153 2579 et
1180 2528 1265 2579 dic
1292 2527 1535 2579 AElfredo
1566 2528 1677 2579 filio
1702 2529 2007 2591 Westueor,
2042 2528 2260 2596 presby-

330 2606 447 2651 tero
485 2599 869 2650 Dunelmensis
909 2600 1160 2664 ecclesiae,
1199 2601 1452 2667 quatinus
1489 2600 1644 2667 plebe
1681 2600 1979 2651 coadunata
2008 2599 2264 2650 territorii

333 2671 841 2751 Haugustaldensis,
875 2672 1162 2723 transferat
1189 2690 1379 2739 corpus
1405 2690 1588 2723 meum
1615 2672 1679 2724 de
1704 2672 1822 2723 loco
1848 2672 1941 2722 illo
1967 2671 2061 2722 ubi
2089 2672 2261 2738 sepul-

330 2749 420 2794 tus
447 2761 583 2806 sum,
607 2760 667 2793 ac
692 2742 837 2793 intra
863 2743 1181 2794 ecclesiam
1167 2762 1225 2793 111
1250 2744 1546 2795 honestiori
1570 2744 1688 2795 loco
1714 2749 1953 2811 reponat
2019 2743 2261 2810 Dignum

332 2821 413 2866 est
440 2814 585 2866 enim
610 2814 732 2865 illos
757 2814 1158 2866 venerationem
1190 2815 1254 2866 ab
1282 2815 1531 2866 omnibus
1565 2816 1624 2865 in
1648 2815 1805 2867 terris
1833 2815 2088 2882 accipere,
2131 2834 2261 2882 quos

332 2888 450 2938 Rex
471 2887 684 2953 Regum
712 2886 964 2953 dignatus
992 2892 1072 2937 est
1106 2887 1165 2937 in
1200 2887 1343 2938 caelis
1370 2887 1507 2938 stola
1534 2887 1716 2954 gloriae
1751 2893 1803 2938 et
1838 2886 2262 2938 immortalitatis

332 2958 613 3009 induere.'’
693 2957 871 3010 Quem
894 2975 1016 3008 cum
1036 2959 1127 3010 ille
1148 2958 1550 3026 interrogasset,
1575 2963 1608 2986 “
1626 2958 1875 3021 Domine,
1898 2964 1960 3009 tu
1982 2959 2100 3025 quis
2128 2978 2182 3010 es
2199 2960 2260 3010 ἴθ’)

332 3031 436 3082 Ille
456 3029 747 3097 respondit,
771 3031 934 3097 “Ego
960 3049 1079 3081 sum
1099 3030 1492 3093 Alchmundus,
1515 3031 1749 3082 ecclesiae
1771 3031 2261 3097 Haugustaldensis

333 3102 629 3170 episcopus,
667 3101 759 3169 qui
786 3101 959 3153 eidem
984 3103 1102 3154 loco
1138 3108 1360 3170 quartus
1395 3108 1514 3170 post
1540 3103 1760 3154 beatum
1786 3103 2112 3155 VVilfredum
2139 3122 2257 3170 gra-

331 3174 410 3225 tia
435 3173 541 3225 Dei
564 3173 768 3241 praefui.
846 3174 1052 3242 Corpus
1077 3192 1202 3226 vero
1228 3193 1407 3226 meum
1428 3176 1586 3243 juxta
1610 3175 2053 3243 praedecessorem
2078 3194 2260 3227 meum

331 3245 648 3298 venerandae
686 3245 957 3297 memoriae
996 3247 1256 3298 Sanctum
1287 3249 1488 3298 Accam
1534 3248 1840 3315 episcopum
1880 3248 2117 3315 positum
2162 3254 2258 3299 est.

332 3318 421 3369 Ad
460 3317 603 3384 quod
637 3317 1065 3368 transferendum
1100 3324 1163 3368 tu
1204 3337 1413 3386 quoque
1453 3337 1576 3370 cum
1617 3319 1928 3387 presbytero
1970 3319 2129 3369 simul
2170 3319 2260 3370 ad-

334 3390 502 3442 esto.”
583 3389 715 3441 Haec
743 3407 865 3440 cum
893 3389 1130 3453 dixisset,
1158 3390 1433 3457 disparuit.
1511 3391 1679 3442 Mane
1706 3397 1887 3441 autem
1912 3391 2072 3454 facto,
2100 3391 2262 3442 homo

332 3462 426 3514 ille
454 3479 578 3513 cum
602 3479 800 3529 magna
824 3461 1168 3513 festinatione
1196 3463 1261 3513 ad
1299 3463 1578 3530 praefatum
1612 3462 1986 3530 presbyterum
2011 3464 2264 3530 porrexit,

410 3587 428 3621 θ’
458 3590 481 3609 “
498 3588 573 3627 Vel
593 3586 803 3638 aecepto,”
824 3585 1066 3626 interlined.

417 3642 434 3667 ¹²
464 3641 566 3682 This
587 3643 782 3683 sentence
801 3641 836 3681 is
856 3643 899 3681 at
918 3641 991 3681 the
1012 3641 1099 3681 foot
1119 3641 1164 3681 of
1186 3641 1260 3681 the
1279 3654 1398 3693 page.

417 3696 427 3721 l
456 3697 546 3738 The
565 3696 717 3749 legend
737 3696 783 3737 of
798 3696 1059 3746 Alohmund,
1078 3696 1163 3737 like
1183 3697 1277 3737 that
1298 3697 1344 3737 of
1359 3696 1485 3745 Acca,
1507 3697 1542 3737 is
1563 3710 1616 3737 an
1637 3696 1953 3749 interpolation.
