2384 4126
264 368 371 418 190
857 385 1119 420 HISTORIA
1164 386 1623 420 TRANsLArIoNUM

268 516 528 578 apparatu
577 511 775 564 futurae
819 513 1208 565 Translationis
1252 514 1337 565 die
1379 531 1568 581 corpus
1614 510 1885 564 debuisset
1931 508 2207 578 asportari.

268 583 437 635 Porro
462 584 607 635 inter
633 584 763 636 alios
799 585 1001 637 ibidem
1036 586 1219 637 aderat
1255 586 1470 654 quidam
1506 603 1717 652 magnae
1754 585 1813 634 in
1840 583 2056 634 Christo
2084 599 2209 633 con-

270 656 484 708 stantiae
509 656 693 720 frater,
722 658 814 725 qui
834 676 969 722 eam,
999 677 1160 725 quam
1181 659 1396 710 nomine
1423 657 1809 725 praetendebat,
1836 674 1931 723 per
1956 654 2210 706 effectum

269 729 456 794 gratiae
484 729 763 781 caritatem
790 737 1108 781 consecutus
1128 731 1318 782 fuerat.
1384 730 1697 781 Vocabatur
1717 729 1862 781 enim
1883 727 2209 788 Leofwinus,

271 801 413 867 quod
440 802 745 869 Anglorum
770 803 959 869 lingua
983 803 1181 854 dicitur
1207 803 1377 854 Carus
1398 802 1622 854 Amicus
1641 811 1678 864 3⁰
1708 802 1821 868 ipse
1846 800 2035 867 utique
2057 817 2211 849 carus

271 873 408 936 Deo,
443 874 645 925 amicus
671 881 724 926 et
750 875 899 926 Deus
926 875 1022 925 illi.
1100 876 1317 925 Patrem
1343 892 1576 942 namque
1601 874 1747 924 illius
1775 874 1843 924 Se
1870 872 2035 923 fuisse
2062 872 2211 923 Deus

270 946 524 1009 ostendit,
565 947 823 998 continua
847 947 1004 998 illum
1042 946 1358 998 infirmitate
1394 946 1736 1014 castigando:
1779 945 1872 996 ille
1906 944 2079 995 filium
2105 943 2211 995 Dei

271 1035 327 1069 se
370 1018 534 1069 fuisse
575 1019 828 1082 ostendit,
871 1019 1082 1086 flagella
1122 1019 1227 1070 Dei
1264 1019 1532 1086 patienter
1575 1017 1873 1079 tolerando,
1912 1022 1966 1067 et
2010 1016 2211 1082 gratias

272 1108 479 1158 semper
506 1091 729 1157 agendo.
808 1091 977 1158 Cujus
1006 1091 1464 1142 conversationem
1488 1090 1613 1142 vitae
1640 1089 1964 1156 quicumque
1989 1093 2211 1138 noverat

273 1163 534 1213 Sanctum
578 1162 637 1213 in
679 1162 825 1214 illius
876 1169 1090 1230 pectore
1134 1163 1397 1230 Spiritum
1440 1162 1774 1229 requiescere
1808 1160 2055 1211 dubitare
2099 1177 2210 1210 non

268 1240 497 1301 poterat.
591 1235 647 1285 Is
690 1252 813 1285 cum
848 1235 1054 1286 videret
1095 1235 1288 1286 fratres
1321 1234 1652 1302 trepidantes
1689 1233 1970 1284 inventum
2007 1231 2210 1299 aperire

268 1306 526 1370 loculum,
572 1312 626 1358 et
670 1307 800 1374 quid
841 1307 1029 1374 gratiae
1067 1307 1311 1370 caelestiS,
1358 1307 1487 1374 quid
1521 1324 1671 1358 novae
1718 1303 2064 1356 exultationis
2109 1303 2211 1354 sibi

268 1378 485 1430 offerret
510 1379 878 1447 introspicere,
923 1379 1181 1431 accedens
1217 1380 1275 1430 in
1312 1379 1568 1441 medium,
1611 1385 1665 1430 et
1698 1376 2007 1429 ferventiori
2048 1394 2209 1443 quam

270 1451 460 1502 solitus
480 1451 657 1502 fuerat
678 1452 869 1519 spiritu
890 1452 1230 1519 proloquens,
1254 1457 1288 1481 “
1308 1452 1455 1504 Quid
1477 1450 1692 1518 agitis,''
1709 1450 1903 1517 inquit,
1927 1454 1961 1476 “
1977 1449 2209 1499 fratres?

270 1528 304 1551 “
328 1524 475 1575 Quid
501 1524 743 1575 timetis?
802 1526 1018 1575 Bonum
1044 1525 1139 1576 illa
1165 1543 1373 1592 semper
1400 1524 1539 1575 actio
1566 1525 1729 1574 finem
1749 1521 2061 1584 merebitur,
2091 1538 2209 1588 quae

270 1600 303 1623 “
325 1597 442 1648 Deo
471 1602 688 1648 auctore
714 1597 976 1664 inspirata
1000 1597 1303 1648 inchoatur.
1387 1598 1498 1648 Dat
1524 1596 1679 1647 nobis
1707 1613 1855 1662 spem
1881 1593 2207 1656 inveniendi,

271 1673 305 1696 “
330 1668 440 1720 Qui
465 1669 614 1720 dedit
634 1669 969 1721 voluntatem
996 1669 1321 1737 inquirendi.
1372 1670 1555 1736 Atque
1576 1687 1638 1720 ea
1659 1686 1775 1736 quae
1795 1667 2072 1734 hucusque
2093 1666 2208 1717 sine

270 1745 306 1769 “
328 1741 642 1793 difficultate
664 1742 986 1809 peregimUS,
1003 1742 1202 1793 indicio
1224 1748 1352 1793 sunt
1373 1742 1500 1809 quid
1520 1741 1650 1792 boni
1671 1741 1734 1792 de
1755 1741 1857 1791 hoc
1879 1739 2021 1807 quod
2041 1745 2209 1789 restat

271 1818 305 1841 “
328 1813 599 1881 agendum
641 1832 852 1881 sperare
895 1814 1199 1866 debeamus.
1276 1815 1576 1881 Nunquam
1614 1820 1727 1864 tam
1766 1829 2014 1880 prospere
2053 1810 2207 1862 nobis

271 1890 305 1914 “
329 1886 616 1937 cessissent
641 1886 814 1951 initia,
845 1887 889 1938 si
914 1887 1030 1939 11366
1056 1905 1225 1955 usque
1245 1888 1407 1938 finem
1426 1886 1715 1954 perducere
1743 1884 2018 1952 dispositio
2037 1883 2208 1934 nollet

271 1962 308 1986 “
330 1958 543 2010 Divina.
620 1959 740 2010 Nec
766 1978 1007 2027 unquam
1035 1978 1066 2011 a
1091 1961 1208 2011 Deo
1236 1965 1494 2027 arguetur
1526 1958 1867 2020 temeritatiS,
1907 1956 2050 2024 quod
2084 1973 2205 2023 pro-

272 2035 306 2058 “
328 2031 469 2082 cedit
495 2049 558 2082 ex
585 2031 765 2082 animo
793 2031 1110 2084 devotionis.
1188 2033 1381 2099 Neque
1409 2031 1553 2083 enim
1589 2049 1652 2082 ex
1687 2034 2004 2096 contemptu
2029 2028 2112 2079 vel
2144 2046 2209 2079 ex

271 2108 307 2131 “
328 2103 626 2155 diffidentia
646 2104 949 2155 sanctitatis
970 2105 1085 2172 ejus
1108 2105 1450 2172 aggredimur
1469 2103 1615 2154 illius
1635 2102 1908 2169 explorare
1934 2099 2206 2168 reliquias,

272 2180 306 2203 “
329 2175 421 2226 sed
446 2182 509 2227 ut
529 2175 792 2227 virtutum
812 2177 1100 2239 Dominus,
1122 2178 1235 2245 ipse
1262 2178 1379 2228 Rex
1406 2176 1625 2238 Gloriae,
1648 2193 1710 2226 eo
1738 2174 1978 2226 devotius
2008 2173 2073 2224 ab
2094 2190 2207 2223 om-

271 2253 305 2276 “
327 2247 487 2299 nibus
515 2248 846 2315 glorificetur
872 2267 977 2317 quo
1003 2249 1087 2301 his
1115 2249 1448 2317 temporibus
1477 2247 1744 2299 sullimius
1770 2265 1835 2298 ex
1853 2246 1987 2314 Ejus
2009 2245 2208 2296 virtute

271 2325 307 2348 “
327 2321 648 2372 miraculum
689 2328 1038 2374 monstretur.
1116 2322 1350 2374 Proinde
1387 2321 1525 2372 sacri
1561 2319 1784 2388 hospitii
1808 2319 2084 2370 videamus
2123 2317 2207 2367 in-

272 2398 306 2420 “
327 2392 486 2455 riora,
510 2393 765 2461 quatinus
792 2394 857 2446 de
882 2395 985 2446 hoc
1018 2395 1169 2454 Quod
1191 2396 1477 2446 viderimus
1503 2394 1667 2445 oculis·
1693 2393 1906 2454 nostri&
1929 2390 2068 2458 quod
2081 2407 2206 2456 per-

270 2470 306 2493 “
327 2467 669 2532 speoeerz‘muS,
706 2468 847 2534 quod
869 2485 1053 2519 manus
1078 2473 1269 2519 nostroe
1297 2466 1694 2529 tractaverint,10
1720 2464 1872 2515 nobis
1900 2468 2211 2514 constanter

271 2542 305 2565 ‘⁶
329 2539 728 2603 attestantibus,
765 2540 978 2592 nullum
1013 2540 1423 2592 detrahentibus
1458 2538 1614 2590 nobis
1649 2537 2014 2604 relinquamus
2049 2553 2206 2601 argu-

271 2615 303 2638 “
326 2617 590 2675 mentum,
632 2629 737 2679 quo
771 2612 845 2675 id,
882 2612 1024 2680 quod
1064 2612 1370 2676 asserimus,
1406 2611 1658 2679 deinceps
1696 2609 1862 2677 possit
1894 2626 2007 2660 esse
2039 2607 2207 2658 ambi-

271 2687 306 2709 “
329 2683 553 2749 guum.”
633 2684 754 2735 Hac
780 2684 882 2735 viri
907 2686 1025 2736 Deo
1052 2685 1230 2736 devoti
1263 2684 1646 2746 admonitione,
1685 2683 1895 2744 fratreS,
1934 2685 2210 2746 resumpta

269 2754 483 2817 fiducia,
510 2756 876 2807 venerandum
902 2775 1092 2825 corpus
1120 2757 1184 2808 de
1210 2763 1330 2825 post
1359 2758 1544 2819 altare,
1580 2755 1674 2807 ubi
1700 2761 1921 2806 eatenus
1944 2753 2206 2821 jacuerat,

271 2826 329 2877 in
366 2827 606 2878 medium
646 2828 795 2879 chori
833 2830 1163 2893 detulerunt,
1204 2829 1300 2880 ubi
1333 2829 1579 2896 largioris
1614 2827 1720 2879 1061
1756 2826 1928 2894 spatio
1955 2824 2099 2892 quod
2124 2842 2208 2875 res

270 2905 513 2966 posceret
538 2899 787 2951 licentius
816 2919 973 2968 agere
999 2901 1255 2952 valerent.
1327 2901 1431 2965 Ibi,
1460 2901 1639 2951 ablato
1666 2899 1808 2966 quod
1833 2897 2085 2949 locellum
2112 2896 2205 2946 ob-

270 2976 478 3022 texerat
497 2972 780 3035 velamine,
802 2992 913 3025 non
940 2973 1124 3024 statim
1153 2973 1268 3025 ausi
1289 2979 1415 3023 sunt
1443 2972 1664 3040 aperire,
1686 2970 1795 3034 sed,
1824 2987 1948 3021 cum
1975 2967 2210 3019 candelis

271 3043 686 3106 circumeunteS,
706 3044 995 3112 diligenter
1021 3045 1385 3113 explorarunt,
1408 3044 1450 3095 si
1479 3062 1572 3111 per
1598 3043 1801 3110 aliquas
1822 3041 1959 3092 forte
1984 3040 2207 3091 rimulas

270 3116 356 3166 vel
383 3115 530 3166 aliud
557 3115 835 3183 quodlibet
861 3117 1141 3179 indicium,
1184 3117 1314 3184 quid
1344 3116 1669 3167 intrinsecus
1693 3115 1888 3165 lateret
1913 3112 2208 3180 deprehen-

273 3187 398 3239 dere
442 3188 761 3255 potuissent.
842 3189 949 3240 Sed
991 3207 1114 3240 cum
1143 3189 1257 3241 haec
1292 3188 1578 3256 agentibus
1617 3187 1697 3237 nil
1732 3192 1941 3238 certum
1981 3189 2209 3252 pateret,

270 3259 492 3311 tandem
535 3266 732 3324 amoto,
775 3261 903 3312 licet
946 3267 1217 3328 paventeS,
1260 3261 1528 3328 opercu10,
1573 3259 1756 3311 vident
1790 3257 1991 3309 librum
2030 3257 2208 3308 Evan-

270 3332 533 3399 geliorum
574 3332 641 3383 ad
685 3339 846 3401 caput
881 3351 1041 3401 supra
1080 3334 1321 3385 tabulam
1356 3332 1608 3401 positum,
1654 3332 1929 3399 ipsamque
1970 3328 2213 3380 tabulam

269 3404 441 3455 tribus
495 3423 589 3473 per
643 3411 1007 3457 transversum
1057 3406 1246 3473 positis
1307 3405 1599 3456 sustentari
1649 3403 1917 3470 ligneolis,
1975 3419 2094 3469 quae
2146 3400 2212 3452 ad

351 3547 367 3564 ⁰
398 3539 454 3579 In
485 3541 559 3581 the
591 3541 760 3594 margin
793 3542 840 3583 of
865 3542 959 3583 MS.
990 3542 1135 3594 Digby
1159 3542 1282 3583 there
1314 3541 1350 3582 is
1382 3541 1455 3582 the
1490 3539 1706 3592 following
1740 3537 1912 3579 curious
1943 3537 2070 3576 note:
2101 3533 2212 3574 “Sic

265 3593 447 3635 dicimus
463 3596 698 3649 vulgariter
723 3598 887 3638 Nother
910 3600 995 3651 hyn
1015 3613 1093 3638 nor
1118 3612 1224 3650 wyn,
1255 3598 1299 3637 id
1320 3599 1383 3638 est
1406 3609 1545 3648 neque
1567 3598 1800 3647 cognatum
1822 3605 1960 3644 neque
1980 3589 2211 3632 amioum.”

265 3648 365 3735 Thev
376 3653 612 3746 113131οΞ3ξοῖ
623 3665 718 3704 says
739 3653 963 3694 elsewhere
984 3653 1080 3693 that
1100 3653 1304 3693 Aldunus
1324 3665 1470 3693 means
1490 3651 1627 3691 Vetus
1648 3650 1821 3690 amicus,
