2384 4126
689 444 812 476 VITA
852 443 891 475 S.
935 442 1273 475 MARGARETAE
1315 443 1547 476 REGINAE.
1965 427 2066 478 241

158 567 331 618 tiones
359 567 684 619 conserebat.
764 568 869 618 Sed
904 567 1043 619 sicut
1083 567 1225 618 inter
1265 585 1353 618 eos
1388 585 1545 618 nemo
1579 568 1672 617 illa
1706 568 1922 634 ingenio
1947 586 2066 635 pro-

158 639 392 701 fundior,
419 639 495 689 ita
520 657 677 689 nemo
705 639 885 689 aderat
913 638 1122 705 eloquio
1150 639 1354 689 clarior.
1431 639 1625 689 Evenit
1650 639 1830 705 itaque
1858 640 2067 705 saepius,

159 716 221 759 ut
273 710 338 761 ab
383 729 444 761 ea
487 710 588 776 ipsi
633 710 892 772 doctores,
944 710 1114 760 multo
1160 728 1319 776 quam
1365 710 1703 773 advenerant,
1756 710 2068 761 abcederent

159 781 438 832 doctiores.
516 782 680 831 Plane
715 799 983 831 sacrorum
1013 781 1343 831 voluminum
1382 782 1646 848 religiosa,
1681 800 1779 832 nec
1804 800 1964 848 parva
1989 782 2069 831 illi

160 852 382 902 aviditas
407 853 580 903 inerat
596 874 610 914 3
640 853 697 902 in
724 852 913 918 quibus
940 852 1041 902 sibi
1069 852 1400 919 acquirendis
1421 853 1696 903 familiaris
1719 854 1832 920 ejus
1856 853 2065 914 caritas,

159 929 212 973 et
240 924 515 974 caritativa
534 923 885 985 familiaritas,
912 923 1175 990 meipsum
1206 941 1290 974 me
1323 924 1548 990 fatigare
1575 925 1884 991 plerumque
1912 942 2065 990 coge-

158 994 267 1045 bat.
343 996 460 1046 Nec
484 995 542 1044 in
567 995 649 1045 his
677 995 1008 1045 solummodo
1036 1013 1202 1056 suam,
1244 995 1335 1045 sed
1369 996 1531 1045 etiam
1567 996 1792 1046 aliorum
1828 996 2068 1062 quaesivit

159 1066 415 1117 salutem:
455 1066 732 1133 primoque
773 1066 1014 1116 omnium
1046 1066 1223 1133 ipsum
1256 1084 1454 1133 regem,
1498 1067 1564 1117 ad
1584 1067 1825 1133 justitiae,
1864 1068 2065 1117 miseri-

157 1138 367 1200 cordiae,
408 1139 881 1205 eleemosynarum,
922 1138 1248 1204 aliarumque
1293 1156 1452 1205 opera
1488 1139 1765 1201 virtutum,
1805 1139 1934 1205 ipsa,
1982 1156 2065 1188 co-

157 1215 408 1275 operante
435 1209 534 1260 sibi
561 1210 693 1271 Deo,
721 1209 919 1260 fecerat
946 1209 1573 1275 obtemperantissimum.
1653 1210 1856 1260 Didicit
1882 1211 1972 1261 ille
2000 1210 2065 1261 ab

156 1298 217 1330 ea
256 1281 416 1331 etiam
449 1281 657 1347 vigilias
700 1281 873 1331 noctis
918 1281 1223 1346 frequenter
1263 1281 1462 1331 orando
1499 1281 1788 1348 producere
1804 1303 1818 1343 ,-
1860 1282 2064 1344 didicit,

155 1352 270 1418 ejus
295 1352 515 1402 hortatu
541 1358 593 1403 et
620 1352 878 1419 exemplo,
907 1370 1027 1402 cum
1055 1352 1257 1417 gemitu
1284 1352 1456 1402 cordis
1483 1359 1535 1403 et
1561 1353 1916 1420 lacrymarum
1943 1371 2063 1419 pro-

154 1422 361 1473 fusione
381 1424 556 1474 Deum
585 1442 750 1474 orare.
830 1424 1038 1485 Fateor,
1081 1442 1337 1489 magnum
1375 1423 1750 1475 misericordiae
1777 1424 1879 1475 Dei
1904 1425 2062 1474 mira-

153 1493 250 1544 bar
299 1495 635 1557 miraculum,
688 1513 811 1545 cum
856 1494 1088 1545 viderem
1138 1494 1409 1545 interdum
1453 1501 1660 1545 tantam
1700 1496 1885 1545 orandi
1924 1496 2064 1561 regis

152 1565 527 1629 intentionem,
572 1572 781 1616 tantam
824 1566 965 1616 inter
1008 1566 1267 1615 orandum
1317 1566 1373 1615 in
1410 1572 1622 1632 pectore
1662 1566 1759 1616 viri
1798 1567 2062 1617 saecularis

154 1637 634 1703 compunctionem.
700 1638 880 1703 Ipsam
906 1644 1017 1687 tam
1044 1637 1357 1688 venerabilis
1378 1638 1500 1687 vitae
1526 1637 1783 1703 reginam,
1813 1638 2064 1703 quoniam

151 1707 208 1757 in
236 1709 347 1774 ejus
377 1709 532 1759 corde
560 1708 835 1759 Christum
859 1708 1116 1758 veraciter
1148 1708 1390 1758 habitare
1425 1715 1776 1775 perspexerat,
1817 1709 1907 1759 ille
1935 1727 2062 1776 quo-

153 1780 417 1845 quomodo
456 1780 720 1830 offendere
758 1779 1110 1841 formidabat,
1153 1779 1241 1829 sed
1281 1779 1459 1845 potius
1502 1780 1636 1830 votis
1681 1780 1794 1847 ejus
1841 1787 1893 1830 et
1937 1798 2061 1846 pru-

153 1850 401 1901 dentibus
428 1850 663 1901 consiliis
690 1851 911 1901 celerius
938 1869 1029 1917 per
1064 1850 1243 1900 omnia
1277 1851 1491 1901 obedire
1517 1851 1849 1917 properabat.
1930 1852 2064 1904 Quae

149 1921 264 1988 ipsa
290 1930 579 1988 respuerat,
608 1922 790 1973 eadem
818 1930 870 1972 et
895 1922 1005 1988 ipse
1031 1939 1276 1988 respuere
1293 1944 1307 1984 3
1347 1929 1399 1973 et
1426 1940 1543 1989 quae
1570 1929 1855 1985 amaverat,
1885 1941 2062 1974 amore

151 1993 343 2043 amoris
370 1994 515 2043 illius
542 2011 734 2044 amare.
813 1994 973 2044 Unde
1012 2000 1064 2044 et
1102 1993 1283 2055 libros,
1328 1994 1385 2043 in
1428 1994 1617 2060 quibus
1657 1994 1771 2060 ipsa
1795 1994 1878 2045 vel
1913 2012 2062 2045 orare

150 2071 511 2127 consueverat,
539 2066 622 2116 vel
646 2065 840 2131 legere,
875 2065 984 2126 ille,
1017 2065 1235 2130 ignarus
1261 2065 1386 2115 licet
1412 2065 1705 2126 literarum,
1735 2084 1873 2132 saepe
1901 2084 2062 2116 manu

149 2153 354 2187 versare
390 2136 592 2187 solebat
625 2142 678 2187 et
713 2137 1001 2202 inspicere:
1045 2143 1098 2186 et
1125 2136 1252 2186 dum
1282 2136 1347 2186 ab
1375 2154 1437 2187 ea
1462 2137 1578 2202 quis
1607 2136 1822 2186 illorum
1849 2143 1986 2187 esset
2014 2138 2062 2187 ei

150 2208 319 2258 carior
346 2208 593 2269 audisset,
621 2208 765 2258 hunc
792 2214 844 2258 et
870 2207 982 2274 ipse
1010 2207 1266 2257 cariorem
1286 2208 1497 2269 habere,
1526 2208 1840 2270 deosculari,
1869 2208 2061 2274 saepius

150 2284 493 2329 contrectare.
571 2279 876 2345 Aliquando
903 2278 1063 2329 etiam
1092 2279 1344 2328 advocato
1378 2279 1636 2329 aurifice
1623 2297 1798 2345 ipsum
1825 2279 2059 2330 codicem

150 2367 278 2400 auro
305 2350 632 2416 gemmisque
656 2350 927 2430 perornari
952 2349 1220 2416 praecepit,
1268 2356 1427 2416 atque
1461 2356 1805 2416 perornatum
1831 2350 1942 2430 ipse
1968 2368 2060 2400 rex

150 2422 216 2471 ad
243 2422 498 2487 reginam,
528 2422 678 2488 quasi
704 2440 812 2472 suae
840 2420 1134 2471 devotionis
1160 2420 1436 2482 indicium,
1465 2421 1659 2471 referre
1688 2422 1977 2472 consuevit.

1033 2657 1164 2707 VII.

295 2761 553 2820 Quantum
581 2764 782 2814 decoris
808 2769 857 2813 et
878 2764 1060 2830 ylorioe
1087 2780 1242 2829 reyno
1273 2762 1569 2813 Scottorum
1597 2763 1907 2813 contulerim

255 2881 386 2931 Haec
413 2899 622 2948 quoque
649 2882 808 2948 regiae
841 2881 1020 2948 stirpis
1056 2881 1387 2931 nobilissima
1412 2899 1639 2947 gemma,
1679 2882 1813 2947 regii
1840 2882 2055 2932 honoris

145 2953 598 3018 magnificentiam
642 2953 756 3018 regi
804 2953 976 3003 multo
1020 2952 1535 3019 magnificentiorem
1580 2952 1773 3014 effecit,
1821 2955 2053 3004 cunctis-

146 3040 246 3089 que
289 3024 442 3089 regni
484 3025 818 3091 primatibus,
867 3031 920 3074 et
963 3024 1177 3074 illorum
1221 3024 1497 3085 ministris,
1542 3023 1832 3089 plurimum
1873 3025 2053 3091 gloriae

140 3111 200 3143 ac
242 3094 443 3145 decoris
479 3096 593 3162 ipsa
633 3096 875 3146 contulit.
972 3096 1190 3146 Fecerat
1235 3095 1378 3145 enim
1422 3101 1483 3144 ut
1529 3102 1863 3157 mercatores,
1906 3102 2050 3146 terra

140 3165 380 3231 marique
435 3166 499 3217 de
559 3166 776 3217 diversis
829 3166 1135 3233 regionibus
1190 3166 1482 3227 venientes,
1540 3183 1720 3215 rerum
1783 3167 2052 3217 venalium

141 3237 438 3302 complures
478 3244 531 3287 et
568 3237 821 3304 pretiosas
856 3238 1069 3304 species,
1110 3255 1226 3304 quae
1264 3237 1462 3287 ibidem
1502 3237 1674 3287 adhuc
1707 3237 1907 3303 ignotae
1934 3238 2047 3288 fue-

140 3314 280 3368 rant,
333 3307 682 3358 adveherent:
730 3308 872 3358 inter
923 3327 1053 3375 quas
1104 3326 1225 3358 cum
1274 3308 1493 3358 diversis
1547 3308 1810 3358 coloribus
1861 3315 2048 3368 vestes,

139 3378 387 3444 variaque
407 3379 635 3429 vestium
655 3386 985 3441 ornamenta,
1005 3379 1289 3445 indigenae,
1313 3378 1662 3445 compellente
1684 3379 1882 3444 regina,
1911 3397 2048 3429 61116-

140 3456 291 3510 rent,
333 3450 408 3499 ita
452 3450 566 3515 ejus
609 3450 868 3500 instantia
906 3450 1123 3500 diversis
1149 3450 1378 3501 vestium
1416 3449 1648 3499 cultibus
1688 3449 1933 3515 deinceps
1967 3450 2048 3499 in-

141 3520 398 3570 cedebant
442 3521 738 3586 compositi,
784 3527 843 3570 ut
884 3521 982 3571 tali
1031 3522 1218 3571 decore
1270 3520 1659 3587 quodammodo
1710 3520 2051 3570 crederentur

221 3662 232 3679 ⁸
259 3655 393 3695 There
423 3655 459 3695 is
488 3668 543 3695 no
573 3656 701 3695 break
731 3655 773 3694 in
803 3655 875 3694 the
904 3655 997 3695 MS.
1018 3657 1062 3695 to
1083 3656 1194 3694 shevv
1214 3655 1308 3694 that
1327 3654 1412 3693 this
1432 3653 1606 3704 chapter
1624 3651 1772 3702 begins
1792 3651 1904 3691 here.
1961 3651 2050 3691 The

139 3722 269 3759 sense,
298 3710 512 3760 however,
532 3710 720 3762 requires
739 3710 784 3749 it.

1731 3777 1766 3809 R
