2384 4126
746 414 1009 448 LIBELLUS
1050 414 1273 447 monam
1311 413 1468 446 Aucr.
1957 398 2066 447 213

151 549 326 594 tatum
347 541 595 593 Walthef
612 542 702 592 1116
725 541 929 603 Senior,
950 546 1208 607 regnante
1227 539 1535 590 Ethelredo.
1602 538 1811 589 Deinde
1832 538 2061 589 Uchtre-

153 615 252 665 dus
278 615 417 665 filius
444 614 701 664 Walthefi
737 612 1127 664 administravit
1163 610 1479 662 comitatum
1514 610 1754 660 omnium
1787 610 2062 660 Northan-

150 686 497 753 hymbrorum
535 685 942 752 provinciarum.
1023 683 1167 734 Huic
1201 700 1293 733 rex
1323 682 1679 733 Eathelredus
1714 699 1863 732 suam
1898 682 2063 732 filiam

151 758 430 824 Elfgevam
466 757 684 808 dederat
719 774 953 807 uxorem.
1030 756 1112 805 Ex
1144 773 1249 821 qua
1285 754 1451 804 filiam
1485 753 1688 804 habens
1727 753 2061 820 Aldgitham,

153 830 299 880 dedit
318 830 375 879 in
396 830 703 896 conjugium
730 827 992 895 praediviti
1014 827 1241 887 cuidam,
1271 825 1553 876 Maldredo
1580 825 1690 875 filio
1718 825 1968 887 Crinani3
1997 826 2062 876 de

152 920 256 968 qua
290 901 479 952 habuit
516 900 885 967 Cospatricum
925 899 1208 960 Comitem,
1246 904 1452 964 patrem
1482 897 1760 963 Delphini,
1788 897 2062 959 Walthefi,

150 979 203 1023 et
225 972 536 1039 Cospatrici.
609 972 799 1023 Occiso
827 977 1006 1022 autem
1032 970 1308 1021 Uchtredo
1330 988 1360 1019 a
1379 969 1724 1049 Turebrando
1746 968 2063 1035 cognomine

155 1045 303 1095 Hold
328 1062 420 1111 per
445 1044 776 1094 voluntatem
803 1042 1067 1094 Cnutonis
1100 1042 1259 1108 regis,
1298 1041 1463 1091 fratei
1502 1041 1616 1107 ejus
1655 1040 1858 1091 Eadulf
1893 1041 2064 1091 Cudel

153 1116 542 1167 administravit
560 1115 899 1166 comitatum:
929 1121 999 1177 et,
1018 1121 1136 1181 post
1154 1131 1294 1174 eum,
1312 1112 1626 1175 Ealdredus,
1644 1108 1784 1163 1111118
1802 1112 2065 1163 Uchtiedi

153 1188 378 1255 praefati,
431 1206 590 1256 quem
637 1187 897 1237 habuerat
949 1204 1011 1237 ex
1062 1186 1169 1236 filia
1221 1184 1425 1236 Alduni
1475 1185 1723 1251 episcopi,
1778 1190 2065 1251 antequam

153 1261 371 1310 duceret
398 1260 563 1309 filiam
597 1259 737 1325 regis
766 1257 1090 1309 Eathelredi.
1173 1257 1379 1308 Habuit
1422 1262 1475 1307 et
1517 1256 1647 1306 alios
1682 1256 1817 1306 filios
1858 1274 1921 1306 ex
1961 1256 2065 1307 alio

154 1332 420 1399 conjugio,
450 1331 818 1397 Cospatricum
845 1336 897 1380 et
917 1329 1224 1381 Eadulfum.
1290 1328 1588 1394 Cospatrici
1616 1334 1728 1379 erat
1755 1328 1895 1378 filius
1917 1328 2063 1379 Uch-

153 1404 354 1466 tredus,
383 1404 448 1453 de
476 1420 578 1469 quo
607 1402 817 1468 genitus
845 1408 925 1452 est
950 1401 1229 1463 Eadulfus,
1270 1400 1359 1467 qui
1384 1400 1630 1466 princeps
1661 1405 1775 1451 erat
1802 1406 1855 1450 et
1883 1406 2068 1450 auctor

152 1476 365 1525 illorum
414 1475 504 1541 qui
548 1474 932 1525 interfecerunt
976 1473 1323 1523 Walcherum
1360 1471 1680 1538 episcopum.
1772 1471 2066 1522 Interfecto

155 1564 279 1598 vero
305 1547 568 1597 Ealdredo
596 1546 804 1597 Comite
832 1564 862 1595 a
888 1545 1030 1606 Carl,
1072 1545 1223 1612 cujus
1258 1550 1482 1610 patrem,
1524 1544 1724 1594 scilicet
1765 1543 2066 1594 Turebran-

155 1619 283 1669 dum
312 1618 640 1685 praedictum,
666 1617 776 1684 ipse
803 1616 1089 1667 AEldredus
1116 1616 1397 1676 occiderat,
1424 1615 1482 1664 in
1506 1615 1767 1665 ultionem
1796 1615 1879 1665 8111
1903 1615 2069 1682 patris

158 1690 420 1741 Uchtredi
451 1689 692 1750 Comitis,
723 1689 788 1739 ab
823 1689 936 1755 ipso
971 1688 1316 1738 Turebrando
1355 1686 1653 1749 interfecti,
1696 1687 1950 1737 successit
1990 1687 2072 1736 illi

156 1762 320 1813 frater
346 1780 471 1812 811118
496 1761 695 1828 junior,
739 1760 1015 1811 Eadnlfus.
1096 1759 1204 1812 Qui
1238 1759 1596 1825 postmodum,
1631 1765 1891 1824 regnante
1930 1758 2069 1809 Ead-

156 1834 349 1896 Wardo,
377 1834 579 1884 occisus
608 1838 687 1883 est
715 1851 744 1883 a
773 1832 1025 1893 Siwardo,
1055 1832 1143 1898 qui
1162 1838 1283 1898 post
1302 1831 1455 1881 illum
1475 1830 1643 1881 totius
1663 1830 2069 1898 Northanhym-

157 1905 374 1956 brorum
400 1904 702 1972 provinciae,
723 1904 825 1954 hoc
852 1910 950 1965 est,
974 1904 1038 1954 ab
1069 1903 1317 1954 Humbra
1344 1920 1511 1969 usque
1537 1902 1817 1953 Tweodam
1839 1902 2073 1969 suscepit

158 1977 489 2028 comitatum.
570 1977 792 2027 Mortuo
815 1982 995 2026 autem
1018 1975 1271 2037 Siwardo,
1299 1993 1392 2025 rex
1412 1974 1736 2025 Eadwardus
1757 1974 2073 2025 comitatum

157 2050 379 2100 tradidit
429 2048 609 2099 Tostio
658 2048 811 2098 fratri
858 2047 1088 2098 Haroldi
1126 2047 1285 2113 regis.
1378 2046 1588 2097 Dehinc
1628 2046 1742 2113 ipso
1782 2046 1965 2097 Tostio
2007 2046 2072 2097 ab

157 2121 417 2172 universis
440 2121 522 2171 sui
542 2120 844 2182 comitatus,
866 2126 1080 2187 propter
1099 2119 1322 2169 nimiam
1348 2119 1460 2185 ejus
1482 2118 1807 2180 violentiam,
1835 2119 2073 2186 projecto

158 2194 224 2244 de
265 2193 524 2244 comitatu
567 2199 620 2243 et
665 2192 925 2258 exlegato,
977 2191 1231 2241 Edwinus
1274 2196 1327 2241 et
1372 2190 1680 2252 Morkarus,
1736 2190 1928 2256 quibus
1980 2208 2074 2240 rex

158 2265 449 2315 Edwardus
502 2264 786 2314 comitatus
837 2263 1004 2330 ipsius
1055 2280 1239 2313 curam
1288 2262 1643 2328 delegaverat,
1699 2262 1808 2311 filio
1860 2261 2074 2312 Eadulfi

163 2337 407 2398 Comitis,
443 2336 623 2386 fratris
653 2335 876 2385 Aldredi
908 2334 1151 2396 Comitis,
1193 2334 1411 2384 nomine
1442 2333 1652 2394 Osulfo,
1689 2333 2002 2383 comitatum
2045 2352 2076 2383 a

160 2409 296 2459 Tina
328 2425 497 2475 usque
533 2407 598 2457 ad
632 2407 910 2457 Tweodam
946 2402 1343 2456 commiserunt.
1441 2404 1544 2455 Sed
1581 2411 1700 2470 post
1738 2423 1796 2455 ea
1840 2405 2000 2471 Copsi
2046 2424 2077 2455 a

162 2480 456 2531 Guillelmo
500 2497 624 2545 rege
665 2478 957 2544 suscipiens
989 2477 1390 2544 praeposituram
1435 2476 1736 2538 comitatus,
1773 2472 1975 2543 expulit
2010 2477 2075 2527 de

162 2553 421 2603 comitatu
447 2551 715 2602 Osulfum.
792 2553 868 2600 At
899 2550 1005 2612 ille,
1049 2549 1285 2600 collectis
1316 2549 1654 2615 postmodum
1682 2548 1901 2611 viribus,
1944 2566 2073 2598 cun-

162 2625 284 2675 dem
312 2623 474 2690 Copsi
499 2622 556 2672 in
582 2622 862 2672 introitum
889 2621 1124 2672 ecclesiae
1151 2620 1214 2671 de
1239 2620 1567 2671 Niweburne
1592 2620 1876 2670 interfecit.
1955 2621 2076 2687 Ipse

164 2714 374 2763 quoque
400 2701 521 2762 post
541 2712 733 2760 paucos
754 2711 982 2755 menses,
1009 2693 1137 2743 dum
1162 2692 1368 2759 impetu
1393 2692 1514 2759 equi
1541 2692 1803 2742 currentis
1830 2692 2075 2755 ferretur,

163 2769 219 2818 in
235 2768 476 2818 lanceam
493 2766 756 2817 obviantis
776 2765 876 2816 sibi
891 2765 1115 2815 latronis
1132 2765 1357 2826 delatus,
1377 2764 1559 2814 statim
1578 2764 1819 2814 moritur.
1866 2764 2076 2815 Deinde

165 2838 524 2906 Cospatricus,
576 2856 639 2888 ex
688 2844 847 2904 nepte
897 2837 1036 2904 regis
1087 2836 1364 2887 Ethelredi
1414 2836 1741 2903 progenitus,
1793 2842 1854 2885 ut
1894 2854 2075 2903 supra-

166 2911 369 2962 dictum
396 2917 493 2973 est,
535 2928 565 2960 a
589 2927 713 2976 rege
741 2909 1032 2959 Guillelmo
1059 2909 1372 2959 comitatum
1401 2915 1639 2974 emptum
1666 2908 2074 2958 administravit.

169 2983 345 3035 Quem
369 2988 553 3049 postea
576 2982 719 3032 idem
744 2999 837 3031 rex
865 2980 912 3031 ei
939 2980 1200 3041 auferens,
1233 2980 1380 3031 dedit
1405 2980 1693 3030 VValthevo
1719 2980 1828 3029 filio
1857 2980 2079 3030 Siwardi

169 3054 412 3117 Comitis,
453 3072 611 3121 quem
648 3053 759 3120 ipse
796 3052 1057 3103 habuerat
1084 3070 1147 3103 ex
1173 3052 1412 3102 Ealsseda
1442 3052 1551 3102 filia
1581 3052 1803 3102 Aldredi
1835 3052 2075 3101 Comitis.

169 3126 455 3176 Walthevo
480 3143 603 3176 vero
635 3131 789 3192 capto
825 3131 878 3175 et
912 3124 1103 3187 occiso,
1141 3123 1406 3174 commisit
1446 3141 1538 3174 rex
1574 3123 1889 3173 comitatum
1926 3123 2077 3173 Wal-

172 3198 330 3249 chero
375 3197 635 3263 episcopO.
728 3196 849 3247 Quo
890 3196 1081 3258 occis0,
1129 3195 1275 3246 dedit
1321 3195 1636 3245 comitatum
1676 3195 1882 3245 Albrio.
1975 3195 2079 3245 Illo

169 3287 292 3320 vero
342 3269 677 3334 relinquente
729 3267 1062 3330 comitatum,
1115 3268 1268 3317 datus
1321 3274 1401 3317 est
1446 3267 1658 3316 cuidam
1701 3266 1973 3317 Rodberto
2014 3267 2079 3316 de

168 3340 457 3391 Mulbreio
534 3340 585 3389 A
612 3357 715 3406 quo
740 3357 833 3390 rex
861 3308 1183 3389 Guillelmus
1214 3339 1246 3388 J
1250 3357 1406 3388 unior
1432 3338 1682 3400 offensus,
1725 3338 1851 3387 dum
1881 3356 2000 3388 611111
2028 3338 2078 3386 vi

172 3412 414 3479 cepisset,
456 3410 567 3476 ipse
592 3411 650 3460 in
677 3428 772 3460 sua
797 3428 961 3460 manu
986 3406 1208 3461 retinuit
1236 3410 1567 3472 comitatum,
1569 3419 1588 3449 J
1628 3409 1891 3475 hodieque
1916 3409 2081 3459 frater

169 3485 301 3551 ejus,
333 3482 600 3533 Hernicus
625 3500 735 3543 rex,
762 3482 975 3532 retinet.

248 3597 266 3630 Ι
296 3596 386 3636 The
419 3595 647 3646 Magdalen
678 3594 772 3635 MS.
801 3594 877 3633 has
906 3594 981 3634 the
1014 3594 1227 3646 following
1257 3594 1488 3634 additional
1514 3594 1597 3633 and
1622 3593 1728 3633 later
1754 3592 2001 3643 particulars
2020 3608 2085 3632 :—

171 3651 275 3691 Post
293 3652 474 3690 mortem
493 3649 700 3689 Willelmi
722 3648 844 3699 regis,
865 3649 994 3689 frater
1013 3648 1047 3700 ej
1055 3663 1115 3699 us,
1136 3649 1352 3689 Henricus
1371 3662 1458 3697 reX,
1488 3648 1738 3688 comitatum
1757 3647 2085 3687 Northanhum-

173 3707 347 3746 brorum
371 3705 416 3745 in
436 3704 606 3757 proprio
635 3703 821 3744 dominio
840 3706 932 3744 tota
950 3703 1038 3744 vita
1057 3717 1132 3744 sua
1154 3703 1347 3753 retinuit,
1378 3703 1587 3743 Comitem
1608 3715 1719 3752 vero,
1749 3702 2015 3742 Rodbertum
2036 3703 2086 3745 de
