2384 4126
772 361 1042 394 Hisroiuffl
1083 360 1470 394 CONTINUATIO.
2008 345 2077 394 87

150 488 367 556 Agatha
416 493 469 539 et
512 486 721 538 duabus
766 486 1032 538 sororibus
1078 485 1391 552 Margareta
1440 490 1494 536 et
1546 484 1798 546 Cristina,
1853 483 2072 547 Siward,

152 562 315 623 Barn,
366 559 741 621 Marlessuein,
786 558 1051 609 Alfwinus
1097 557 1238 607 filius
1281 556 1605 619 Normanni,
1651 562 1705 608 et
1750 555 1842 606 alii
1886 573 2072 635 quam-

151 632 346 699 plures,
387 631 480 698 qui
513 636 633 697 post
669 630 1117 710 expugnationem
1153 628 1495 679 castellorum
1520 627 1768 690 Eboraci,
1807 626 1978 678 Danis
2017 626 2075 675 in

152 722 248 754 sua
286 702 694 764 revertentibus,
737 701 988 769 quoniam
1025 701 1099 752 eis
1140 700 1336 751 auxilio
1371 700 1603 762 fuerant,
1644 698 2075 777 indignationem

150 775 290 842 regis
317 775 418 826 sibi
445 779 765 836 metuerant,
796 773 1072 824 Scotiam
1058 790 1134 823 1re
1160 771 1374 839 profugi
1398 771 1677 839 parabant,
1716 770 1897 837 ibique
1923 769 2071 819 navi-

152 847 420 914 gationem
449 863 755 913 prosperam
785 844 1250 912 praestolabantur.
1327 844 1430 894 Per
1454 843 1597 894 idem
1622 850 1835 909 tempus
1862 840 2076 891 infinita

154 920 461 969 Scottorum
497 917 805 979 multitudo,
840 917 1069 967 ducente
1095 915 1389 966 Malcolmo
1420 933 1544 981 rege
1581 932 1676 982 per
1714 912 2077 965 Cumbreland

151 990 416 1052 traducta,
443 1007 625 1041 versus
651 989 914 1040 orientem
939 988 1225 1049 divertenS,
1265 987 1572 1038 universam
1598 986 1853 1038 Tesedale
1879 991 1932 1036 et
1959 986 2075 1051 ejus

153 1062 383 1115 finitima
407 1062 524 1112 loca
553 1061 698 1111 ultra
732 1061 970 1127 citraque
1003 1059 1169 1110 feroci
1194 1059 1423 1110 vastavit
1457 1058 1885 1126 depopulatione.
1962 1055 2076 1107 Ubi

154 1140 333 1185 autem
372 1140 591 1184 ventum
637 1139 717 1183 est
762 1133 829 1183 ad
871 1133 1049 1183 locum
1092 1131 1185 1198 qui
1223 1131 1420 1181 dicitur
1453 1130 1682 1197 Anglice
1725 1129 2073 1180 Hundredes-

152 1206 347 1268 1101110,υ
374 1205 566 1256 Latine
593 1211 772 1255 autem
799 1205 1031 1255 Centum
1060 1204 1276 1265 Fontes,
1304 1202 1584 1253 trucidatis
1615 1201 1812 1252 ibidem
1854 1200 2074 1267 quibus-

156 1278 279 1328 dam
307 1277 481 1344 gentis
508 1277 753 1343 Anglicae
777 1276 1064 1338 nobilibuS,
1103 1293 1198 1326 rex
1223 1279 1373 1341 parte
1401 1274 1662 1325 exercitus
1689 1279 1918 1334 retenta,
1957 1289 2073 1338 par-

155 1356 267 1400 tem
293 1367 384 1416 per
408 1349 547 1399 viam
576 1366 681 1415 qua
705 1353 963 1399 venerant
989 1365 1113 1397 cum
1137 1346 1350 1397 infinita
1382 1345 1562 1413 praeda
1596 1345 1815 1396 domum
1850 1343 2072 1395 remisit.

160 1421 280 1471 Hac
321 1421 524 1471 scilicet
566 1420 856 1471 calliditate
889 1425 951 1469 ut
993 1436 1116 1469 cum
1149 1424 1298 1469 totus
1334 1418 1504 1468 hostis
1544 1423 1825 1484 putaretur
1866 1415 2074 1477 abiisse,

156 1493 377 1543 miseros
404 1492 680 1559 indigenas
718 1491 809 1558 qui
835 1509 945 1542 sese
972 1508 1171 1557 suaque
1196 1495 1415 1557 propter
1444 1489 1693 1539 hostilem
1721 1493 1926 1539 metum
1951 1487 2074 1537 lati-

156 1564 297 1615 bulis
326 1563 518 1630 quibus
545 1569 794 1630 poterant
819 1568 937 1613 tute
964 1567 1422 1623 conservaverant,
1464 1578 1645 1611 secure
1684 1560 1742 1609 in
1768 1559 1919 1610 villas
1953 1577 2075 1609 suas

156 1637 448 1701 domosque
467 1652 747 1701 regressos,
764 1634 877 1701 ipse
894 1633 1070 1684 subito
1090 1639 1484 1700 praeoccuparet
1503 1632 1725 1682 incursu
1743 1630 2076 1697 improvisos.

160 1707 321 1759 Quod
347 1713 400 1757 et
425 1706 627 1757 factum
653 1712 750 1756 est.
826 1706 973 1756 Nam
998 1704 1321 1771 depopulata
1347 1703 1671 1771 Clyvelande
1697 1721 1762 1753 ex
1786 1709 1954 1769 paite,
1993 1720 2075 1752 10-

154 1779 376 1846 pentina
395 1778 805 1845 depopulatione
831 1783 1056 1844 occupat
1081 1776 1515 1843 Heortternysse,
1542 1775 1772 1862 indeque
1793 1791 1886 1841 per
1905 1780 2074 1824 terras

158 1850 343 1901 Sancti
387 1849 675 1900 Cuthberti
716 1849 964 1900 ferociter
1007 1848 1328 1910 discurrenS,
1371 1838 1582 1898 omnes'
1603 1846 1854 1898 omnibus
1897 1845 2074 1908 rebus,

153 1922 442 1973 nonnullos
495 1921 658 1973 etiam
706 1921 834 1988 ipsis
885 1920 1059 1988 privat
1105 1919 1402 1970 animabus.
1494 1920 1645 1970 Tunc
1691 1925 1744 1969 et
1795 1917 2077 1969 ecclesiam

159 1994 344 2045 Sancti
387 1993 552 2057 Petri,
597 1993 981 2060 Apostolorum
1023 1991 1295 2060 principis,
1346 1991 1405 2041 in
1439 1990 1809 2053 Weremuthe,
1861 1990 2079 2040 flamma

154 2084 390 2128 suorum,
430 2066 543 2132 ipso
577 2065 929 2132 inspectante,
963 2063 1309 2130 consumpsit.
1386 2063 1537 2114 Alias
1580 2080 1790 2130 quoque
1829 2061 2077 2112 ecclesias

154 2156 278 2189 cum
314 2138 397 2188 his
432 2137 524 2204 qui
553 2137 610 2187 in
650 2155 738 2188 eas
773 2137 1128 2203 confugerant
1167 2134 1541 2186 concremavit.
1619 2135 1732 2185 Ubi
1771 2151 1893 2184 cum
1938 2133 2078 2184 circa

153 2210 296 2276 ripas
334 2209 572 2260 fluminis
610 2209 890 2275 equitaret,
930 2209 1101 2275 deque
1141 2206 1320 2258 altiori
1356 2206 1474 2257 loco
1506 2224 1726 2257 suorum
1758 2204 1994 2256 crudelia
2018 2204 2077 2254 in

154 2282 376 2332 miseros
410 2281 617 2347 Anglos
654 2280 893 2331 facinora
930 2279 1274 2346 prospiciens,
1313 2278 1412 2328 tali
1443 2278 1745 2344 spectaculo
1782 2276 1986 2327 animos
2022 2282 2077 2326 et

155 2353 338 2403 oculos
376 2358 634 2419 pasceret,
673 2351 986 2402 nuntiatum
1021 2357 1099 2402 est
1125 2350 1206 2400 illi
1233 2350 1485 2401 clitonem
1513 2349 1822 2415 Eadgarum
1848 2365 2075 2414 suasque

155 2442 360 2475 sorores
386 2424 544 2490 regiae
570 2423 749 2490 stirpis
774 2423 977 2489 puellas
1004 2423 1239 2484 decoraS,
1278 2421 1564 2488 pluresque
1603 2421 1734 2471 alios
1773 2419 2074 2486 praedivites

154 2497 220 2547 de
262 2496 371 2546 suis
412 2495 626 2546 sedibus
666 2495 919 2562 profugos
953 2494 1010 2544 in
1044 2494 1200 2544 illum
1234 2499 1449 2560 portum
1488 2492 1803 2559 applicuisse
1830 2490 2072 2541 navibus.

154 2568 311 2618 Datis
351 2585 477 2634 crgo
522 2566 720 2618 dextris
752 2566 1025 2617 venientes
1067 2565 1132 2616 ad
1178 2583 1233 2616 se
1273 2564 1505 2631 benigne
1547 2564 1853 2630 alloquitur,
1894 2563 2075 2629 eisque

154 2658 276 2690 cum
303 2639 411 2689 suis
439 2638 686 2689 omnibus
713 2638 866 2705 regni
897 2638 979 2688 sui
1012 2636 1400 2688 habitationem
1440 2636 1695 2702 quamdiu
1719 2635 1918 2686 vellent
1951 2651 2073 2684 cum

153 2729 280 2777 pace
315 2711 531 2761 donavit
573 2710 893 2760 firmissima.
977 2710 1130 2760 Inter
1169 2709 1264 2759 has
1302 2709 1612 2759 Scottorum
1648 2707 1972 2757 vastationes
2014 2723 2074 2756 ac

152 2782 384 2849 rapinas,
433 2781 777 2849 Gospatricus
824 2799 999 2832 comes
1050 2780 1176 2847 (qui,
1219 2786 1281 2830 ut
1327 2779 1693 2847 supradictum
1735 2784 1831 2841 est,
1880 2796 1909 2828 a
1949 2796 2075 2843 rege

153 2855 430 2905 Willelmo
467 2854 783 2904 comitatum
816 2852 1423 2920 Northanhymbrorum
1456 2851 1626 2918 pretio
1660 2855 1932 2901 assecutus
1960 2849 2075 2900 fue-

153 2927 294 2992 rat)²⁰
330 2925 511 2976 accitis
549 2925 954 2976 auxiliatoribus
991 2924 1221 2975 strenuis
1259 2924 1426 2974 atroci
1459 2922 1868 2990 depopulatione
1911 2922 2073 2972 Cum-

156 2997 377 3049 breland
411 2997 631 3048 invadit.
708 2998 933 3048 Peracta
967 2996 1108 3047 caede
1139 3002 1192 3046 et
1227 2995 1473 3046 incendio
1514 3012 1636 3045 cum
1667 3012 1863 3061 magna
1895 2993 2077 3059 praeda
2118 3008 2124 3013 ·

154 3070 456 3131 revertitur,
485 3087 644 3135 seque
671 3086 794 3119 cum
822 3068 977 3119 sociis
1006 3068 1063 3118 111
1089 3067 1446 3118 munitionem
1466 3065 1862 3117 Babbanburch
1882 3065 2073 3114 firmis-

154 3141 343 3191 simam
388 3140 666 3191 conclusit.
742 3141 825 3190 Ex
871 3158 975 3207 qua
1015 3139 1205 3206 saepius
1246 3156 1618 3205 prorumpenS,
1658 3137 1795 3187 vires
1838 3136 2075 3186 hostium

157 3211 468 3263 debilitavit.
546 3214 677 3263 Erat
717 3212 861 3262 enim
896 3229 957 3262 eo
983 3217 1221 3278 tempore
1249 3210 1611 3261 Cumbreland
1638 3209 1736 3259 sub
1762 3208 1902 3275 regis
1932 3208 2073 3258 Mal-

235 3366 412 3406 This·
404 3380 438 3407 1s
456 3366 634 3417 perhaps
653 3366 1026 3416 Hunderthwaite,
1057 3378 1158 3406 near
1177 3363 1474 3405 Romaldkirk.
1533 3363 1676 3403 Keld
1666 3376 1701 3402 1s
1720 3362 1828 3403 close
1847 3363 1916 3413 by.

234 3427 257 3443 ¹⁰
287 3421 389 3460 This
421 3423 649 3461 statement
678 3421 920 3472 respecting
950 3421 1024 3461 the
1058 3421 1266 3472 pmohase
1300 3420 1346 3460 of
1375 3420 1449 3459 the
1481 3419 1668 3458 earldom
1697 3419 1754 3469 by
1789 3415 2009 3466 Gospatric
2038 3414 2075 3455 is

155 3475 281 3527 given
315 3475 362 3514 in
395 3488 448 3514 an
483 3478 662 3515 account
694 3477 740 3516 of
772 3477 847 3516 the
877 3476 983 3516 earls
1015 3476 1061 3515 of
1095 3474 1506 3522 Nerthumberland,
1540 3472 1680 3512 which
1713 3472 1749 3510 is
1781 3470 1965 3510 inserted
2000 3471 2076 3509 not

156 3530 310 3579 before,
339 3531 418 3569 but
446 3529 565 3579 after,
596 3530 670 3570 the
700 3532 871 3581 present
903 3543 1089 3582 passage,
1121 3530 1257 3569 under
1277 3529 1351 3568 the
1371 3541 1470 3580 year
1491 3506 1611 3569 io72.
1670 3526 1761 3566 The
1780 3537 1892 3564 same
1911 3524 2076 3575 history

159 3585 205 3624 of
220 3585 293 3624 the
313 3584 419 3623 earls
439 3584 484 3623 of
501 3584 894 3624 Northumberland
915 3598 1061 3625 occurs
1081 3584 1125 3623 in
1146 3584 1389 3623 Hoveder'is
1410 3582 1586 3631 Annals,
1607 3580 1745 3619 11111011
1764 3592 1832 3618 are
1852 3581 1896 3618 to
1916 3592 1940 3617 a
1960 3581 2077 3629 great

158 3641 306 3679 extent
324 3638 471 3689 copied
491 3638 598 3678 from
618 3638 690 3678 the
710 3641 793 3679 two
813 3641 927 3690 parts
947 3640 993 3679 of
1017 3640 1090 3679 the
1111 3638 1304 3678 Historia
1324 3637 1507 3688 Regum,
1538 3635 1674 3675 under
1693 3635 1767 3674 the
1786 3645 1886 3685 year
1904 3636 1998 3673 953.
