2384 4126
237 326 308 375 58
858 342 1132 377 sYMEoms
1173 341 1565 376 DUNELMENSIS

1019 486 1388 521 DCCCLXXXIII.

350 569 610 637 Sequenti
646 578 803 634 annO,
831 570 933 622 hoc
975 575 1056 621 est
1091 586 1242 620 Dccc.
1246 568 1451 637 lxxxiij,
1477 566 1776 618 nativitatis
1813 582 1937 617 vero
1962 562 2168 615 Elfredi

236 639 581 692 famosissimi
622 643 765 710 regis
806 642 966 710 xxxij,
1007 642 1121 710 ipse
1158 659 1257 692 nec
1300 639 1661 692 nominandus
1702 638 1966 690 exercitus
2006 653 2168 686 naves

238 731 361 764 suas
410 732 505 780 per
544 714 745 767 flumen
795 714 938 783 quod
982 713 1281 782 appellatur
1324 712 1482 764 Scald
1524 711 1801 780 pertraxit,
1835 709 2019 777 ibique
2058 725 2167 758 uno

239 785 439 836 mansit
466 804 623 837 ann0.
627 796 644 818 ³

347 857 598 910 Guthred
648 877 711 910 ex
763 876 913 910 servo
952 858 1127 909 factus
1166 863 1247 910 est
1290 875 1401 920 rex,
1440 863 1494 908 et
1544 855 1696 908 sedes
1741 852 2058 923 episcopalis
2110 851 2168 901 in

240 928 609 982 Cunkecestra
634 931 1006 983 restauratur.t

1028 1097 1379 1131 DCCCLXXXIV.

306 1179 470 1230 Anno
503 1179 804 1230 Dominicae
837 1179 1222 1231 incarnationis
1267 1178 1645 1246 nccc.lxxxiiij,
1681 1176 1979 1228 nativitatis
2015 1175 2163 1227 deni-

240 1269 342 1318 que
376 1251 582 1302 Elfredi
616 1251 961 1302 famosissimi
1000 1252 1143 1319 regis
1178 1251 1359 1319 xxxiij,
1386 1250 1793 1318 indignissimus
1821 1249 2083 1300 exercitus
2109 1248 2167 1297 in

237 1323 369 1373 duas
410 1341 465 1374 se
499 1329 705 1374 turmas
746 1324 1063 1391 segregavit.
1142 1324 1269 1375 Una
1309 1323 1525 1391 quidem
1559 1323 1617 1373 in
1646 1321 1961 1374 orientalem
1998 1321 2165 1371 Fran-

239 1395 376 1446 ciam
402 1395 656 1462 porrexit,
686 1396 855 1447 altera
892 1396 960 1447 ad
994 1396 1335 1447 Britanniam
1360 1395 1579 1447 veniens
1606 1394 1857 1446 Cantiam
1885 1393 2017 1444 adiit
2050 1410 2167 1460 quae

238 1467 578 1519 Rofecestrer
641 1468 853 1520 dicitur.
931 1469 1078 1520 Ante
1127 1468 1289 1536 hujus
1350 1474 1561 1535 portam
1623 1466 1902 1518 castellum
1962 1464 2168 1532 Pagani

236 1539 498 1603 fecerunt,
530 1557 630 1591 1166
665 1546 849 1592 16111611
884 1541 1156 1592 civitatem
1192 1558 1497 1608 expugnare
1531 1545 1840 1607 potuerunt,
1869 1537 1994 1605 quia
2028 1537 2168 1587 cives

231 1612 378 1662 illius
429 1612 659 1663 civitatis
712 1631 767 1664 se
817 1613 1043 1664 viriliter
1106 1613 1480 1675 defenderunt,
1526 1611 1871 1679 quoadusque
1923 1609 2168 1661 defensor

234 1683 401 1735 totius
426 1685 597 1751 regni,
615 1684 802 1736 Elfred
826 1703 938 1749 rex,
967 1703 1089 1737 611111
1115 1703 1312 1752 magno
1334 1684 1572 1736 exercitu
1598 1683 1919 1751 supervenit.
1988 1681 2167 1732 Adve-

230 1756 416 1807 niente
467 1756 644 1807 subito
678 1775 823 1824 rege,
865 1758 932 1808 ad
975 1776 1137 1809 naves
1178 1776 1301 1807 suas
1335 1756 1478 1808 Dani
1524 1756 1806 1808 confestim
1848 1754 2168 1821 confugiunt

234 1829 480 1879 concussi
506 1835 725 1892 terrore,
742 1829 931 1881 relicta
956 1848 1053 1880 sua
1080 1847 1199 1881 arce
1226 1835 1279 1880 et
1306 1829 1455 1896 equis
1482 1846 1614 1896 quos
1641 1828 1706 1879 de
1734 1827 1960 1878 Francia
1986 1843 2169 1877 secum

236 1900 586 1964 adduxerant,
614 1918 825 1952 necnon
865 1902 1087 1970 captivis
1129 1919 1260 1969 quos
1298 1901 1363 1952 de
1403 1901 1628 1952 Francia
1672 1900 1737 1951 de
1782 1899 1969 1951 eadem
2008 1905 2168 1966 gente

238 1978 506 2040 ceperant.

341 2045 549 2096 Eodem
584 2050 825 2112 tempore
861 2051 915 2097 et
954 2064 1095 2097 anno
1120 2046 1234 2113 ipse
1277 2045 1602 2112 armipotens
1640 2062 1733 2096 rex
1760 2044 1984 2095 classem
2011 2061 2163 2094 suam

238 2116 303 2167 de
343 2117 539 2168 Cantia
588 2117 804 2184 plenam
847 2118 1198 2169 bellatoribus
1250 2118 1307 2168 in
1351 2117 1657 2169 Orientales
1702 2116 1895 2167 direxit
1939 2115 2164 2182 Anglos.

238 2189 485 2256 Cumque
536 2189 602 2240 ad
654 2190 854 2240 ostium
897 2192 1057 2241 Sture
1108 2190 1343 2240 fluminis
1395 2189 1686 2252 adveniret,
1738 2188 2021 2239 confestim
2058 2195 2166 2238 tre-

237 2261 411 2312 decim
441 2279 603 2312 naves
637 2268 837 2342 paratae
876 2262 942 2313 ad
974 2263 1177 2314 bellum
1211 2263 1551 2329 Paganorum
1580 2261 1930 2312 obviaverunt
1957 2260 2050 2322 eis,
2075 2260 2167 2326 qui

237 2333 365 2385 hinc
405 2333 530 2385 inde
583 2334 779 2385 acriter
821 2341 1144 2415 pugnantes,
1183 2334 1390 2401 Pagani
1434 2352 1620 2385 omnes
1659 2333 1836 2396 occisi,
1876 2350 2168 2399 omnesque

236 2423 399 2456 naves
426 2423 549 2456 cum
576 2406 725 2457 omni
757 2407 986 2473 pecunia
1011 2425 1196 2458 eorum
1223 2413 1391 2474 captae
1418 2412 1560 2457 sunt.
1639 2405 1749 2457 Qui
1776 2411 1956 2456 autem
1982 2405 2168 2472 fugere

235 2484 485 2545 poterant
536 2496 600 2529 ex
653 2479 843 2542 Danis,
897 2479 1209 2530 catervatim
1262 2496 1649 2545 congregavere
1699 2477 1936 2545 undique
1987 2495 2167 2538 naves,

239 2556 599 2631 consertoque
623 2551 802 2601 navali
838 2551 1043 2632 proelio·
1068 2569 1192 2602 cum
1232 2551 1426 2618 Anglis
1466 2550 1561 2601 ubi
1605 2550 1943 2600 dormiebant
1982 2567 2169 2600 somno

234 2621 414 2685 inerti,
443 2622 605 2672 occisi
659 2630 803 2694 sunt,
854 2623 1075 2674 inermis
1126 2623 1453 2674 multitudo:
1510 2623 1701 2689 quibus
1755 2621 1891 2672 illud
1953 2627 2170 2689 aptatur

239 2662 601 2760 congruenter
627 2682 770 2761 quod
794 2695 1012 2762 legitur,
1054 2696 1266 2746 “multi
1305 2695 1564 2746 claudunt
1594 2695 1737 2745 visus
1776 2712 1898 2745 cum
1939 2694 2170 2761 aspicere

240 2765 514 2817 deberent
519 2766 554 2788 '³
1523 2780 1537 2790 ·

347 2838 474 2904 Ipso
499 2855 692 2904 nempe
719 2856 859 2889 anno
885 2856 1115 2906 magnus
1142 2838 1409 2889 exercitus
1426 2839 1767 2905 Paganorum
1795 2837 1860 2888 de
1879 2837 2172 2889 Germania

235 2909 294 2959 in
356 2909 631 2975 regionem
690 2910 1033 2976 antiquorum
1086 2911 1360 2961 Saxonum
1412 2910 1734 2976 supervenit,
1788 2915 1975 2960 contra
2038 2928 2170 2977 quos

239 2981 487 3031 adunatis
517 2981 755 3047 undique
792 2982 997 3032 bellicis
1032 2982 1174 3045 viriS,
1203 2982 1258 3032 id
1295 2988 1393 3045 651,
1424 2983 1659 3032 Saxones
1693 2988 1852 3048 atque
1892 2981 2169 3045 Frixones‚

239 3053 466 3103 viriliter
493 3058 652 3119 atque
679 3053 890 3104 fortiter
914 3072 1220 3121 pugnavere
1241 3075 1251 3105 :
1279 3054 1337 3103 in
1359 3054 1551 3121 quibus
1573 3054 1781 3105 duobus
1808 3054 1963 3105 bellis
1984 3055 2168 3105 Chris-

241 3125 378 3175 tiani
416 3125 616 3192 populi,
657 3125 869 3177 Divinae
908 3126 1126 3193 pietatis
1176 3126 1463 3177 clementia
1507 3127 1851 3190 concedente,
1891 3127 2171 3178 victoriam

240 3196 494 3247 habuere.

348 3269 430 3319 Ea
463 3274 782 3335 tempestate
828 3269 1178 3320 sanctissimae
1219 3270 1490 3321 memoriae
1525 3270 1719 3337 praesul
1759 3271 2009 3322 Marinus
2050 3271 2168 3321 uni-

237 3340 505 3391 versitatis
554 3340 696 3390 viam
753 3341 976 3408 arripuit
1040 3342 1457 3392 transmittendo
1509 3343 1755 3410 spiritum
1816 3343 1961 3394 unde
2023 3344 2169 3410 prius

239 3419 475 3464 venerat.
554 3413 611 3462 Is
662 3412 892 3479 denique
939 3413 1138 3464 scolam
1186 3415 1458 3464 Saxonum
1502 3415 1560 3465 in
1606 3415 1852 3467 Romana
1892 3415 2025 3466 urbe
2074 3432 2171 3482 pro

322 3539 492 3579 From
512 3537 639 3579 Asser
657 3540 703 3579 to
722 3539 809 3579 this
829 3539 962 3590 point.

323 3597 334 3619 ί
364 3594 455 3634 'Phe
469 3594 602 3634 whole
615 3594 661 3633 of
675 3594 761 3634 this
781 3594 1005 3635 sentence
994 3608 1029 3634 15
1050 3607 1104 3635 611
1124 3595 1456 3637 interlineation.
1516 3596 1593 3638 See
1610 3597 1666 3650 Sy
1669 3598 1808 3638 meon’
1811 3611 1828 3637 s
1842 3597 2022 3650 History
2039 3597 2084 3637 of
2099 3597 2173 3638 the

242 3650 417 3690 Chureh
438 3649 484 3689 of
499 3649 710 3699 Durham,
731 3650 871 3689 book
862 3650 969 3700 11.,6.
993 3654 1057 3690 13.
