2384 4126
691 379 966 414 ExcERrTA
1007 378 1036 410 E
1079 376 1317 411 SCRIPTIS
1358 375 1610 409 TURGo'rI.
1996 358 2100 407 265

186 504 320 555 lenti
347 505 580 571 corporis
607 505 738 556 adeo
763 505 1012 556 inutilem
1039 502 1367 554 vulnerando
1403 501 1597 563 effecit,
1638 498 1781 567 quod
1806 499 1965 566 pedes
1990 516 2101 549 non

186 576 329 627 ultra
373 576 660 628 subsistere
705 579 943 644 Orgarus
993 576 1140 626 nisus
1193 581 1292 637 est,
1345 574 1437 625 sed
1476 590 1611 640 pene
1655 578 1899 622 mortuus
1944 578 2101 621 terrae

186 648 558 715 prosternitur.
655 650 883 716 Jamque
936 666 1058 699 cum
1103 664 1300 713 magno
1349 646 1560 712 fragore
1611 661 1899 704 armorum,
1957 642 2102 693 hosti

184 726 451 786 prostrato
501 721 591 772 ille
635 739 744 772 non
787 722 939 788 piger
981 720 1170 787 pedem
1213 718 1486 785 imposuit,
1543 722 1595 767 et
1640 715 1817 766 subito
1861 714 2005 764 fraus
2048 720 2102 765 et

187 792 450 842 calliditas
476 792 645 843 hostis
674 793 789 860 jam
828 798 1083 844 evacuata
1124 791 1411 856 detegitur,
1450 795 1503 840 et
1530 807 1651 839 reus
1676 786 1897 854 perjurii
1923 786 2100 853 palam

187 864 443 930 arguitur.
520 865 809 915 Abstracto
844 882 1076 931 namque
1113 863 1301 925 cultro,
1342 861 1433 929 qui
1461 860 1633 927 caliga
1662 859 1881 921 latebat,
1921 858 2099 925 ipsum

185 936 460 1002 perfodere
499 943 722 987 conatur
742 958 756 999 3
799 954 918 987 cum
955 942 1078 986 ante
1117 935 1313 985 initum
1354 949 1700 1000 congressum
1732 932 2005 998 juraverat
2045 948 2100 981 se

183 1007 337 1070 nihil,
377 1008 481 1058 nisi
522 1026 670 1059 arma
710 1008 953 1060 decentia
994 1007 1240 1069 militem,
1280 1006 1338 1056 in
1379 1006 1480 1056 hoc
1520 1004 1699 1055 duello
1745 1009 2096 1070 gestaturum.

185 1079 321 1130 Mox
354 1086 536 1131 tamen
577 1081 798 1148 perjurii
839 1098 1021 1148 poenas
1062 1079 1344 1147 persolvit:
1387 1078 1560 1129 cultro
1602 1075 1864 1143 siquidem
1899 1079 2097 1141 erepto,

185 1168 308 1202 cum
354 1171 471 1219 spes
510 1170 660 1203 reum
697 1153 981 1215 desereret,
1022 1152 1224 1203 crimen
1261 1150 1504 1217 protinus
1548 1149 1848 1200 confitetur.
1940 1147 2098 1197 Atta-

183 1241 309 1274 men
342 1224 457 1275 haec
492 1225 752 1276 confessio
787 1225 921 1275 nihil
958 1224 1023 1275 ad
1049 1224 1213 1274 vitam
1239 1223 1319 1272 illi
1345 1222 1545 1289 profuit
1572 1219 1924 1286 elongandam
1942 1240 1956 1280 3
1999 1236 2097 1268 un-

183 1295 343 1363 dique
386 1314 527 1359 vero,
579 1298 795 1348 vulnere
840 1297 1157 1354 succedente
1202 1294 1427 1356 vulneri,
1482 1292 1876 1360 perfodebatur,
1932 1290 2100 1342 donec

184 1367 417 1418 animam
456 1368 673 1435 impiam
701 1369 779 1419 vis
817 1369 1013 1419 doloris
1051 1374 1104 1419 et
1142 1366 1458 1434 magnitudo
1483 1365 1766 1416 vulnerum
1794 1362 2097 1430 expelleret.

186 1439 290 1490 His
340 1440 520 1506 itaque
570 1441 816 1507 peractis,
860 1441 1021 1508 hujus
1070 1440 1235 1490 duelli
1286 1457 1438 1489 casus
1488 1455 1675 1488 omnes
1724 1436 2006 1497 mirantur,
2047 1442 2101 1485 et

177 1510 386 1577 justum
432 1512 535 1563 Dei
572 1513 836 1580 judicium
878 1518 1003 1563 sunt
1043 1512 1341 1573 laudantes,
1396 1528 1458 1561 eo
1504 1509 1662 1576 quod,
1716 1506 2101 1564 calumniatore

184 1590 505 1650 expugnato,
544 1584 589 1635 is
631 1585 723 1652 qui
767 1584 1007 1636 veritatis
1041 1584 1216 1634 fuerat
1257 1590 1310 1633 et
1345 1580 1666 1632 innocentiae
1701 1579 1963 1640 defensor,
2002 1596 2101 1629 nec

182 1674 352 1705 unum
399 1656 613 1723 quidem
654 1657 846 1707 vulnus
894 1656 959 1707 ab
1005 1656 1296 1722 impetente
1340 1654 1516 1705 fuerat
1562 1669 1858 1720 perpessus.
1953 1651 2101 1701 Nam

183 1727 373 1778 exinde
414 1734 528 1778 tam
571 1729 685 1795 regi
730 1747 889 1796 quam
936 1727 1178 1790 ducibus,
1219 1726 1286 1777 ob
1318 1726 1530 1792 insigne
1570 1723 1783 1774 virtutis
1823 1722 2101 1785 indicium,

183 1800 581 1866 acceptissimus
622 1801 808 1851 exitit:
851 1800 1087 1867 adeoque
1127 1798 1361 1866 superati
1400 1797 1568 1848 hostis
1603 1803 1772 1847 terras
1811 1801 1864 1845 et
1895 1812 2100 1861 posses-

182 1871 355 1922 siones
392 1872 727 1923 haereditario
759 1873 881 1941 jure
911 1890 1003 1923 rex
1041 1871 1091 1923 ei
1123 1871 1436 1922 concederet
1466 1868 1826 1936 possidendas.
1907 1866 2012 1917 Sed
2048 1873 2102 1917 et

182 1943 459 2010 Eadgarus
485 1945 760 2011 Etheling,
802 1945 929 1995 dum
970 1944 1085 2011 regi
1123 1943 1381 2010 probatur
1423 1940 1781 2001 fidelissimUS,
1820 1939 1996 1990 factus
2023 1945 2103 1989 est

181 2015 343 2137 {ztiam
382 2016 431 2067 ei
469 2017 840 2080 amicissimus,
880 2017 1095 2084 insuper
1139 2022 1192 2067 et
1237 2033 1359 2066 eum
1398 2013 1552 2065 donis
1590 2012 1780 2063 ditavit
1819 2011 2007 2062 multis
2049 2018 2103 2062 et

202 2088 489 2139 ionoribus.

1109 2337 1179 2388 X.

290 2475 392 2524 Deq
418 2473 683 2524 dictorum
709 2490 898 2539 regum
925 2470 1159 2537 Eadgari
1194 2476 1247 2521 et
1287 2468 1597 2530 Alexandri,
1639 2467 1800 2518 simul
1826 2474 1879 2519 et
1906 2467 2098 2530 David,

181 2547 245 2598 de
288 2564 392 2613 quo
437 2545 659 2606 dicetur,
700 2544 892 2595 sororis
926 2543 1125 2610 reginae
1150 2541 1397 2592 Matildis
1424 2541 1577 2591 bonae
1605 2540 1907 2591 admirabili
1934 2540 2104 2607 gloria

183 2618 453 2686 animique
494 2617 708 2678 virtute,
750 2633 1015 2683 quamque
1058 2614 1220 2665 fuerit
1259 2613 1318 2663 in
1352 2613 1535 2663 officiis
1580 2612 1789 2663 Divinis
1832 2613 2103 2678 sacrisque

182 2690 375 2756 vigiliis
429 2689 638 2740 assidua
689 2695 741 2739 et
792 2688 1015 2749 devota;
1073 2687 1132 2736 in
1176 2692 1328 2736 tanta
1371 2685 1591 2752 insuper
1633 2690 1895 2751 potestate
1941 2702 2102 2751 quam

182 2762 420 2824 humilis,
480 2761 571 2828 qui
612 2760 839 2811 scribere
883 2759 1129 2821 voluerit,
1189 2758 1410 2809 alteram
1463 2757 1564 2808 sibi
1616 2756 1853 2807 Hesther
1902 2756 2102 2807 nostris

182 2834 509 2901 temporibus
535 2832 842 2884 declarabit.
921 2831 1080 2885 Quod
1104 2831 1277 2881 facere
1297 2829 1717 2891 nos-omisimus,
1744 2835 1862 2879 tum
1889 2834 2104 2895 propter

184 2906 420 2957 materiae
460 2905 906 2972 magnitudinem,
960 2910 1078 2954 tum
1122 2908 1336 2970 propter
1382 2902 1573 2952 harum
1616 2919 1796 2952 rerum
1840 2901 2101 2951 minorem

185 2979 357 3029 adhuc
399 2977 776 3045 cognitionem.
855 2977 1043 3027 Unum
1088 2981 1269 3025 tamen
1292 2974 1458 3024 illius
1500 2973 1727 3024 referam
1767 2990 1919 3039 opus,
1961 2972 2103 3038 quod

184 3069 247 3102 ex
274 3069 363 3101 ore
388 3049 703 3100 nominandi
737 3054 790 3100 et
828 3065 1106 3114 nunquam
1141 3045 1486 3097 obliviscendi
1522 3045 1695 3095 David
1720 3045 1861 3112 regis
1889 3044 2066 3094 audivi
2082 3064 2097 3106 ,·

184 3141 277 3190 per
309 3121 446 3189 quod
484 3121 655 3188 qualis
695 3120 857 3186 fuerit
897 3120 1037 3170 circa
1073 3136 1330 3186 pauperes
1359 3117 1561 3168 Christi
1588 3116 1736 3179 satiS,
1764 3123 1827 3167 ut
1854 3116 2100 3178 arbitror,

184 3195 462 3246 elucescet.
563 3193 719 3255 Cum,
777 3192 969 3259 inquit,
1029 3191 1335 3241 adolescens
1401 3189 1575 3240 adhuc
1638 3189 1696 3238 in
1756 3188 1905 3239 curia
1961 3187 2102 3254 regis

185 3266 452 3327 servirem,
493 3271 647 3315 nocte
674 3264 904 3330 quadam
929 3264 986 3314 in
1005 3262 1239 3329 hospitio
1265 3279 1384 3312 meo
1411 3279 1533 3311 cum
1562 3260 1717 3311 sociis
1745 3260 1894 3322 meiS,
1921 3259 2101 3310 nescio

187 3338 313 3405 quid
350 3355 529 3403 agens,
570 3336 636 3386 ad
669 3336 967 3385 thalamum
1000 3335 1217 3401 reginae,
1256 3334 1321 3384 ab
1356 3333 1471 3400 ipsa
1495 3339 1732 3393 vocatus,
1773 3331 2005 3382 accessi:
2047 3336 2101 3381 et

186 3409 337 3461 ecce!
384 3409 570 3459 domus
604 3407 762 3474 plena
794 3407 1033 3474 leprosis,
1073 3412 1127 3457 et
1163 3406 1348 3472 regina
1385 3405 1440 3454 in
1472 3404 1648 3455 medio
1690 3410 1855 3465 stans,
1897 3402 2103 3469 deposi-

271 3577 287 3601 ‘1
316 3569 505 3618 Fordun,
534 3581 587 3617 κη,
616 3570 682 3608 40.
741 3567 842 3607 This
862 3567 948 3606 also
967 3566 1001 3605 is
1021 3566 1131 3606 from
1145 3565 1313 3615 Aelred,
1333 3565 1427 3604 who
1442 3564 1545 3604 cites
1564 3564 1638 3603 the
1658 3562 1877 3613 authority
1897 3562 1944 3601 of
1967 3561 2107 3601 David

191 3627 293 3674 Rex,
323 3624 460 3663 which
495 3625 530 3662 is
561 3623 679 3674 quite
710 3622 941 3662 consistent
973 3621 1075 3660 with
1101 3620 1175 3660 the
1206 3621 1302 3660 date
1331 3622 1375 3659 at
1409 3618 1547 3658 which
1578 3618 1632 3657 he
1664 3620 1808 3667 wrote,
1848 3618 1927 3657 but
1956 3619 2032 3657 not
2062 3629 2107 3656 so

190 3680 291 3719 with
315 3679 492 3730 Turgot,
525 3678 618 3717 who
639 3678 734 3718 died
757 3677 855 3716 nine
874 3689 993 3728 years
1013 3676 1154 3716 before
1178 3674 1312 3714 David
1333 3686 1449 3714 came
1468 3676 1513 3713 to
1533 3673 1606 3713 the
1625 3673 1791 3712 throne.
