2384 4126
267 350 374 399 264
1039 373 1318 406 APPENDIX
1361 374 1432 406 IV.

267 492 395 545 hinc
421 495 546 547 inde
572 497 819 561 vallatus,
857 499 1157 566 insignibus
1186 500 1349 551 etiam
1377 517 1648 550 armorum
1675 498 2003 550 ornamentis
2031 497 2207 564 splen-

270 565 427 618 didus
467 570 726 635 procedit.
806 571 1100 622 Godwinus
1141 590 1169 623 e
1211 578 1414 634 contra,
1455 572 1581 622 licet
1627 589 1732 622 non
1776 571 1968 638 aequali
2010 570 2210 621 ducum

269 637 449 691 favore
499 642 614 708 regi
663 642 980 707 faventium,
1021 663 1130 695 non
1174 644 1370 695 minori
1422 650 1604 695 tamen
1650 644 1973 695 confidentia
2025 642 2207 705 animi,

269 710 451 763 locum
484 716 793 766 certaminis
821 724 901 767 est
933 717 1237 784 ingressus:
1280 716 1388 784 qui,
1427 717 1527 767 etsi
1565 716 1707 783 regis
1741 717 1878 767 iram
1912 733 2007 783 pro
2043 715 2210 782 partis

272 783 505 836 adversae
546 787 778 839 tuitione
822 788 1153 851 formidaret,
1202 789 1324 856 jure
1365 796 1550 841 tamen
1594 789 1733 840 hanc
1783 795 1990 839 naturae
2039 788 2210 838 vicem

268 858 667 923 rependendam
695 860 1073 925 arbitrabatur,
1101 868 1161 912 ut
1187 862 1332 912 illius
1361 880 1577 913 causam
1603 867 1800 929 ageret,
1829 879 1986 928 quem
2009 860 2212 928 justius

272 928 375 979 sibi
417 932 729 999 caeterisque
758 940 993 984 actorem
1034 941 1229 985 natura
1268 934 1534 985 dominari
1574 934 1822 985 debuisse
1868 938 2208 1000 cognoverat.

274 1000 423 1053 Hinc
449 1003 612 1054 etiam
641 1005 1084 1057 calumniatorem
1127 1024 1251 1057 cum
1285 1007 1434 1074 justa
1469 1006 1926 1058 animadversione
1953 1006 2211 1071 increpat,

274 1074 366 1139 qui
406 1076 669 1142 Anglicus
711 1095 907 1143 genere
953 1079 1202 1142 existens,
1256 1085 1464 1130 naturae
1515 1079 1785 1130 videretur
1835 1078 2208 1144 impugnator:

272 1164 431 1212 quem
484 1148 625 1198 enim
678 1157 739 1199 ut
790 1150 1071 1201 dominum
1119 1152 1362 1202 venerari
1413 1151 1687 1214 debuerat,
1738 1157 1928 1217 utpote
1979 1150 2045 1201 de
2090 1150 2213 1217 jure

270 1219 481 1284 generis
505 1220 755 1284 existenS,
775 1222 861 1273 cui
882 1241 936 1274 se
958 1230 1011 1274 et
1038 1223 1219 1274 omnia
1240 1242 1336 1274 sua
1356 1223 1644 1274 debuisset.
1725 1222 1953 1274 Silentio
1980 1239 2212 1289 namque

272 1308 365 1356 per
391 1310 692 1358 praeconem
720 1294 969 1346 omnibus
1001 1295 1272 1362 imposito,
1313 1302 1366 1346 et
1400 1296 1565 1347 vadiis
1599 1302 1949 1362 utrorumque
1978 1313 2008 1344 a
2028 1294 2212 1362 judice

269 1362 325 1412 in
369 1365 676 1417 certaminis
718 1366 897 1417 locum
936 1369 1207 1436 projectis,
1254 1375 1315 1418 ut
1360 1369 1526 1430 Deus,
1575 1375 1903 1420 secretorum
1948 1366 2210 1433 cognitor,

270 1434 431 1503 hujus
472 1455 644 1489 causae
687 1440 970 1491 veritatem
1015 1442 1338 1504 ostenderet,
1385 1441 1767 1508 proclamante,
1814 1446 2083 1508 postremo
2128 1457 2211 1490 res

271 1509 450 1572 arinis,
492 1518 546 1561 et
574 1529 734 1563 causa
760 1531 990 1581 superno
1019 1514 1051 1564 J
1057 1513 1200 1565 udici
1228 1513 1603 1565 committitur.

1198 1809 1298 1861 IX.

379 1942 526 1994 NecP
561 1961 728 2007 mora,
769 1945 1003 2011 insurgit
1035 1946 1170 1997 alter
1203 1946 1262 1996 in
1297 1946 1545 2008 alterum,
1587 1952 1736 1997 actor
1769 1945 1826 1995 in
1859 1945 2208 1996 defensorem.

270 2015 403 2066 Mox
445 2016 583 2066 ictus
632 2016 757 2067 hinc
804 2018 1149 2084 geminantur
1190 2025 1244 2069 et
1287 2019 1429 2070 inde.
1508 2019 1765 2085 Orgarus,
1805 2018 2013 2085 impetu
2046 2017 2209 2079 facto,

270 2088 398 2138 (lum
444 2089 579 2140 alter
630 2096 783 2140 scuto
834 2090 1002 2141 ictum
1055 2091 1277 2158 accepit,
1335 2099 1544 2159 partem
1595 2091 1733 2142 scuti
1784 2109 1893 2141 11011
1947 2089 2211 2140 modicam

270 2167 531 2228 amputat.
634 2162 752 2213 Nec
803 2163 1021 2229 segnius
1073 2164 1385 2227 GodwinuS,
1441 2165 1556 2216 ictu
1615 2163 1926 2231 gravissimo
1978 2162 2212 2213 accensis

269 2233 482 2296 animis,
522 2234 579 2284 in
621 2234 791 2286 ictum
832 2236 1126 2303 consurgit,
1167 2243 1220 2288 et
1257 2237 1385 2287 dum
1422 2236 1558 2287 alter
1588 2237 1756 2287 flectit
1784 2241 1998 2286 scutum
2024 2234 2208 2285 incau-

266 2306 375 2356 tius
417 2306 560 2358 inter
602 2314 761 2375 caput
803 2314 855 2359 et
896 2308 1200 2372 humerum,
1240 2309 1355 2360 ictu
1380 2309 1589 2360 vibrato
1625 2328 1682 2360 os
1719 2308 1852 2359 illud
1882 2326 2002 2359 curn
2029 2307 2209 2358 loricae

267 2379 421 2429 nodis
465 2380 784 2448 prorumpit,
840 2382 983 2448 quod
1024 2382 1214 2433 cervici
1260 2382 1547 2433 humerum
1589 2381 1870 2449 conjungit
1912 2380 2207 2431 sinistrum.

272 2452 377 2502 Sed
420 2452 522 2502 hoc
563 2452 676 2503 ictu
717 2454 939 2520 capulus
985 2454 1210 2505 solvitur
1255 2461 1309 2506 et
1353 2473 1576 2505 manum
1616 2454 1860 2525 ferientis
1904 2452 2114 2515 fefellit,
2156 2460 2209 2503 et

268 2524 478 2590 gladius
513 2525 577 2575 de
609 2544 776 2576 manu
815 2527 1052 2577 tenentis
1088 2527 1303 2578 labitur.
1384 2527 1505 2578 Hoc
1539 2527 1708 2577 hostis
1750 2531 2041 2593 comperto,
2082 2525 2209 2576 licet

267 2597 488 2648 vulnere
541 2598 775 2664 graviter
826 2599 1067 2662 affectUS,
1128 2618 1397 2667 manuque
1441 2600 1574 2650 laeva
1613 2599 1943 2661 debilitatus,
1997 2598 2211 2664 gravius

268 2676 454 2720 tamen
479 2669 536 2720 in
565 2670 927 2721 adversarium
955 2672 1248 2739 consurgit,
1278 2691 1507 2739 eumque
1538 2678 1692 2723 tanto
1724 2671 1934 2722 facilius
1961 2670 2208 2721 debilita-

267 2748 453 2791 turum
495 2760 609 2793 esse
656 2761 710 2793 se
753 2743 1085 2807 existimans,
1133 2745 1275 2811 quod
1321 2763 1383 2796 eo
1431 2744 1690 2795 caruisset
1742 2744 2054 2811 adjumento
2106 2760 2211 2809 quo

268 2814 536 2881 praecipue
577 2832 819 2881 pugnare
860 2816 1162 2867 debuisset:
1204 2835 1323 2884 spes
1360 2823 1542 2868 tamen
1578 2817 1694 2884 ipsa
1730 2816 2007 2867 dominum
2050 2833 2209 2865 suum

269 2886 480 2937 fefellit.
558 2886 706 2937 Nam
749 2887 1064 2951 Godwinus,
1104 2889 1232 2939 licet
1276 2889 1575 2940 adversario
1619 2907 1715 2956 pro
1760 2906 1914 2955 posse
1958 2893 2074 2938 toto
2113 2887 2206 2938 ob-

272 2958 514 3021 sistente,
552 2965 705 3009 scuto
739 2966 1012 3026 protenso,
1053 2961 1196 3012 inter
1220 2961 1483 3012 immanes
1521 2961 1765 3012 ferientis
1796 2961 1935 3010 ictus
1969 2960 2210 3026 gladium

266 3031 478 3099 jamdiu
499 3031 740 3098 elapsum
761 3033 981 3083 sustulit
1009 3033 1074 3084 de
1101 3040 1261 3085 terra.
1341 3034 1518 3085 Quem
1540 3051 1662 3084 cum
1684 3033 1911 3084 firmiter
1936 3032 2004 3083 ob
2033 3033 2209 3099 capuli

271 3103 686 3154 diminutionem
728 3110 912 3155 tenere
963 3106 1309 3172 nequivisset,
1351 3106 1559 3156 duobus
1612 3106 1795 3172 digitis
1850 3104 2208 3156 anterioribus

272 3176 438 3226 aciem
466 3176 631 3243 gladii
659 3176 985 3243 complexus,
1026 3178 1125 3228 etsi
1167 3178 1366 3245 absque
1405 3178 1623 3229 laesione
1660 3178 2020 3229 adversarium
2048 3195 2207 3227 suum

269 3249 462 3299 laedere
512 3248 755 3299 feriendo
806 3267 914 3300 non
982 3256 1179 3317 posset,
1234 3251 1291 3300 in
1349 3251 1643 3318 pugnando
1702 3257 1903 3313 tamen,
1963 3256 2017 3301 et
2066 3249 2207 3300 ictus

270 3321 514 3371 funestos
549 3320 817 3388 jaciendo,
858 3339 967 3371 non
1011 3322 1309 3373 adversario
1355 3341 1450 3373 suo
1496 3323 1778 3374 videbatur
1817 3340 1927 3373 esse
1966 3321 2188 3373 inferior

269 3394 401 3444 Non
452 3393 596 3444 enim
650 3399 741 3444 aut
791 3393 1088 3445 incursioni
1139 3394 1308 3445 hostis
1360 3395 1534 3458 cessit,
1589 3402 1681 3446 aut
1739 3395 1804 3446 ab
1860 3394 2057 3445 ictibus
2114 3394 2206 3444 ille

274 3466 517 3517 cessavit.
596 3466 723 3517 Uno
756 3466 972 3533 quidem
1006 3466 1120 3517 ictu
1160 3485 1282 3518 cum
1310 3468 1498 3535 capitis
1528 3468 1887 3518 diminutione
1916 3466 2206 3517 adversarii

271 3539 353 3589 sui
381 3539 597 3589 oculum
626 3557 834 3602 eruens,
875 3539 987 3589 ictu
1022 3539 1217 3590 iterato
1252 3547 1458 3607 partem
1493 3540 1756 3607 reliquam
1791 3540 1960 3590 hostis
1987 3538 2205 3588 fraudu-

1017 3713 1038 3738 Ρ
1072 3706 1262 3757 ForcIun,
1293 3720 1347 3756 v.,
1377 3710 1442 3747 28.
