2384 4126
304 356 407 405 168
891 374 1148 406 HISTORIA
1188 373 1647 406 TRANSLATIONUM

299 500 437 551 festa
456 500 658 550 visione
683 500 764 549 illi
792 500 981 562 astitit,
1008 501 1285 568 verbisque
1313 500 1681 551 consolatoriis
1708 500 2073 551 exanimatum
2102 518 2225 550 con-

300 571 536 634 fortavit,
572 572 650 622 ita
676 590 910 623 exorsus.
990 578 1023 600 “
1044 572 1190 624 Quid
1216 579 1369 623 tanto
1395 572 1678 623 maceraris
1705 573 1936 623 timore?
2011 573 2099 624 Ne
2126 573 2227 622 dif-

302 644 491 695 “fidas
534 650 754 694 tuorum
797 645 1056 711 paucitati
1100 645 1335 695 militum
1387 663 1508 696 cum
1555 645 1657 695 Dei
1697 663 1983 712 meumque
2032 644 2230 695 habeas

302 721 336 745 “
360 716 618 767 auxilium
635 738 649 779 3
687 717 802 768 Deo
830 717 974 767 enim
1001 735 1338 785 nequaquam
1364 724 1444 768 est
1469 717 1798 784 impossibile
1825 717 1933 768 sive
1960 717 2014 766 in
2043 717 2227 767 multis

303 793 337 816 “
359 789 467 839 sive
487 789 541 839 in
563 789 746 855 paucis
767 789 985 840 salvare.
1066 790 1266 841 Hostes
1287 790 1480 856 quippe
1499 795 1640 852 tuos,
1667 789 1840 856 magis
1861 796 2041 840 autem
2063 807 2227 852 meos,

305 866 340 889 “
362 861 486 927 quia
513 879 696 928 pacem
718 879 911 923 meam,
940 879 1039 913 nec
1066 880 1096 912 a
1122 862 1354 928 Paganis
1380 862 1526 928 prius
1551 861 1822 924 violatam,
1844 868 2104 912 temerare
2121 879 2231 911 non

305 938 340 961 “
360 933 739 996 formidabant,
779 933 838 983 in
877 952 973 984 sua
1011 951 1155 984 nunc
1192 934 1539 984 multitudine
1572 934 1862 1001 gloriantes
1890 952 2068 985 coram
2094 940 2147 984 te
2174 933 2231 983 in

305 1010 338 1033 “
361 1005 508 1056 brevi
546 1012 607 1055 ut
646 1006 822 1056 lutum
862 1007 1163 1072 platearum
1198 1006 1402 1057 delebo.
1479 1006 1627 1056 Nam
1655 1006 1896 1072 quamvis
1922 1006 2230 1056 hominibus

305 1082 340 1105 “
362 1077 537 1128 adhuc
577 1077 682 1127 vivi
724 1084 1031 1144 appareant,
1071 1078 1126 1128 in
1170 1084 1459 1145 conspectu
1492 1077 1596 1128 Dei
1636 1095 1822 1129 omnes
1866 1077 2064 1129 mortui
2105 1085 2232 1129 sunt

306 1154 337 1177 “
361 1149 674 1216 computati,
714 1150 855 1200 unde
882 1150 988 1199 tuis
1014 1156 1076 1200 ut
1103 1150 1218 1201 sine
1244 1167 1396 1200 mora
1436 1149 1544 1200 sint
1585 1150 1759 1216 parati
1793 1151 2080 1217 praecipere
2118 1169 2230 1200 ma-

306 1226 339 1249 “
361 1228 525 1284 tures,
548 1228 626 1283 ut,
656 1239 777 1272 cum
801 1240 993 1272 aurora
1013 1221 1117 1273 diei
1143 1222 1376 1289 primum
1401 1221 1655 1284 exoritur,
1683 1222 1823 1273 facto
1849 1222 2056 1289 impetu
2077 1240 2235 1289 super

305 1299 339 1321 “
362 1311 450 1345 eos
488 1292 678 1356 irruas,
720 1294 971 1361 quoniam
1011 1294 1069 1344 in
1107 1294 1279 1362 primo
1315 1311 1601 1361 congressu
1636 1300 1779 1345 terra
1811 1293 2136 1357 dehiscente,
2176 1294 2234 1344 in

306 1372 339 1394 “
362 1366 637 1417 baratrum
665 1366 769 1416 vivi
796 1373 1063 1429 corruent,
1104 1372 1157 1418 et
1185 1366 1299 1418 sine
1325 1372 1543 1417 tuorum
1570 1366 1894 1417 detrimento
1920 1367 2022 1433 ipsi
2048 1385 2232 1417 omnes

305 1443 339 1465 “
362 1438 522 1488 simul
564 1438 914 1505 disperient.”
1007 1439 1157 1490 Talia
1195 1438 1287 1490 ubi
1328 1439 1551 1501 dixerat,
1588 1438 1806 1489 visionis
1846 1439 1991 1489 illius
2033 1439 2231 1506 species

301 1510 621 1577 disparebat.
702 1512 816 1562 Rex
854 1529 993 1574 vero,
1035 1529 1130 1579 per
1167 1511 1281 1564 haec
1320 1511 1553 1562 multum
1593 1511 1942 1572 confortatus,
1984 1529 2232 1562 somnum

304 1584 554 1645 excussit,
582 1583 721 1634 lecto
749 1583 953 1646 exiluit,
984 1602 1106 1635 suos
1134 1584 1460 1646 convocavit,
1498 1590 1551 1635 et
1579 1601 1697 1651 quae
1723 1583 1916 1634 viderit
1941 1584 2024 1635 vel
2051 1584 2231 1634 audie-

302 1655 373 1706 rit
413 1656 590 1722 palam
622 1656 870 1706 omnibus
909 1657 1192 1707 enarravit.
1282 1656 1492 1710 Quibus
1532 1656 1744 1719 auditis,
1786 1662 2047 1723 quantum
2085 1656 2233 1723 prius

303 1728 497 1778 timore
537 1728 752 1779 fuerant
795 1728 1101 1791 exanimati,
1148 1734 1361 1780 tantum
1399 1747 1520 1780 mox
1562 1729 1704 1796 regis
1746 1728 1828 1778 sui
1869 1729 2233 1780 consolatione

304 1807 431 1850 sunt
458 1800 761 1851 confortati.
824 1801 989 1851 Facto
1015 1801 1183 1868 igitur
1209 1819 1365 1852 mane
1386 1801 1443 1851 in
1469 1801 1649 1852 hostes
1675 1801 1905 1864 irruunt,
1934 1801 2042 1863 sed,
2073 1800 2230 1851 mira-

303 1871 410 1923 bile
449 1872 616 1935 dictu,
657 1890 787 1941 quos
828 1873 987 1924 modo
1026 1881 1212 1924 contra
1251 1891 1305 1924 se
1336 1873 1517 1942 jacula
1541 1873 1756 1924 mittere
1783 1873 2136 1940 conspiciunt,
2175 1873 2232 1923 in

305 1945 491 1996 eodem
532 1945 716 1995 statim
754 1952 1029 1996 momento
1068 1964 1335 2013 nusquam
1375 1963 1475 1997 nec
1510 1964 1680 1996 unum
1717 1963 1780 1997 ex
1816 1945 1897 1995 his
1930 1945 2229 1997 inveniunt.

307 2017 468 2071 Quod
509 2017 652 2068 enim
689 2017 768 2067 vir
806 2018 910 2069 Dei
955 2019 1286 2085 praedixerat,
1335 2036 1514 2069 coram
1556 2018 1631 2069 eis
1676 2024 1820 2069 terra
1857 2018 2004 2068 vivos
2048 2036 2233 2069 omnes

304 2089 668 2141 absorbuerat.
751 2090 824 2140 Et
862 2090 949 2141 hic
989 2108 1200 2158 quoque
1240 2090 1524 2158 antiquum
1563 2096 1850 2141 renovatur
1891 2090 2232 2152 miraculum,

304 2161 518 2229 quando
554 2168 739 2228 aperta
772 2168 850 2213 est
882 2168 1025 2213 terra
1068 2170 1118 2215 et
1160 2164 1435 2230 deylutz'vit
1471 2163 1708 2225 Dathaw„
1749 2169 1800 2214 et
1839 2164 2042 2229 operuit
2080 2181 2236 2229 super

303 2235 755 2302 conyreyationem
783 2235 1038 2287 Abiron.m

1237 2425 1305 2475 V.

307 2540 568 2598 Quomodo
610 2540 755 2591 miles
803 2540 1018 2592 Comitis
1069 2539 1250 2601 Tostz'i,
1302 2539 1505 2589 nomine
1546 2539 1836 2603 Barcwz'tlz‚
1885 2540 2005 2590 dum
2034 2540 2238 2606 januas

388 2613 693 2664 monasterii
719 2614 828 2679 ejus
853 2612 1142 2679 infrinyere
1172 2611 1315 2677 cupit
1338 2611 1509 2662 subito
1525 2628 1808 2678 percussus
1833 2612 2137 2663 interierit.'²

410 2740 529 2791 Nec
580 2739 794 2790 silentio
853 2738 1286 2819 praetereundum
1338 2745 1539 2806 quanta
1589 2739 1787 2790 nostris
1838 2758 2048 2807 quoque
2098 2747 2234 2792 tem-

302 2811 520 2879 poribus
548 2830 592 2892 e]
582 2812 785 2862 usdem
812 2810 1108 2862 beatissimi
1133 2810 1299 2878 patris
1325 2810 1575 2861 fulserint
1601 2811 1875 2862 miracula.
1954 2813 2236 2879 Regnante

302 2901 475 2951 nuper
519 2883 756 2950 piissimo
800 2901 924 2950 rege
976 2883 1272 2933 Eadwardo
1322 2883 1638 2933 miraculum
1692 2884 1920 2950 contigit
1970 2884 2233 2951 prioribus

304 2956 494 3017 simile,
522 2973 616 3022 per
642 2955 824 3021 quod
811 2974 868 3005 1n
893 2955 1053 3005 unius
1080 2954 1480 3021 praesumptoris
1508 2955 1875 3036 peremptione
1901 2956 2061 3006 multi
2086 2957 2233 3007 dein

305 3045 427 3094 ceps
470 3027 695 3078 correcti
735 3034 859 3077 sunt
894 3045 924 3077 a
964 3026 1060 3077 tali
1099 3026 1532 3093 praesumptione.
1611 3027 1759 3077 Dum
1799 3027 1966 3094 igitur
2000 3028 2232 3091 Tostius,

306 3101 498 3152 Comes
542 3099 632 3149 ille
684 3098 893 3149 cunctis
937 3098 1269 3160 notissimus,
1314 3098 1372 3148 in
1415 3097 1658 3165 partibus
1708 3099 2234 3151 Northanumbranis

306 3172 625 3223 comitatum
671 3170 1089 3232 administraret,
1130 3170 1348 3237 quidam
1391 3188 1567 3237 pravae
1609 3170 1837 3221 actionis
1880 3172 1977 3234 vir,
2017 3173 2234 3224 nomine

305 3242 708 3305 Aldan-hamal,
750 3242 816 3293 ab
850 3260 912 3293 eo
952 3242 1383 3309 comprehensUS,
1425 3242 1768 3310 compedibus
1806 3244 2068 3295 artissime
2108 3263 2232 3296 con-

306 3316 605 3383 stringitur.
704 3314 888 3365 Multa
936 3314 1080 3364 enim
1124 3313 1265 3364 mala
1313 3313 1540 3365 fecerat:
1597 3314 1756 3366 furtis
1808 3321 1967 3383 atque
2017 3317 2233 3384 rapinis,

305 3387 606 3440 homicidiis
652 3395 811 3454 atque
854 3386 1117 3437 incendiis
1159 3385 1426 3437 Comitem
1471 3404 1608 3454 saepe
1649 3388 1960 3451 offenderat,
2001 3407 2098 3440 nec
2132 3408 2232 3440 un-

391 3585 409 3602 “
441 3521 795 3631 {yginiigorinbrigily
814 3576 942 3617 refers
963 3578 1007 3616 to
1027 3575 1101 3616 the
1120 3575 1291 3616 miracle
1312 3576 1358 3615 of
1384 3575 1578 3617 Barcwid
1597 3578 1641 3617 at
1662 3577 1734 3618 the
1754 3577 1838 3618 end.
1857 3577 1903 3618 of
1929 3578 2103 3630 chapter
2123 3580 2235 3629 xlvi„

308 3637 333 3655 “
351 3634 463 3686 quod
483 3633 582 3673 alibi
601 3633 769 3685 plenius
788 3632 989 3684 legitur.”
1047 3631 1137 3671 The
1157 3631 1370 3671 reference
1390 3631 1435 3670 in
1457 3631 1543 3671 this
1563 3645 1653 3672 case
1670 3632 1706 3672 is
1727 3633 2084 3686 unquestionably
2099 3638 2143 3674 to
2163 3635 2235 3674 the

307 3693 477 3745 present
498 3689 627 3741 work,
649 3702 692 3729 as
712 3687 798 3729 this
818 3686 988 3729 miraole
1008 3687 1106 3728 does
1126 3688 1200 3726 not
1221 3699 1347 3728 occur
1367 3686 1411 3726 in
1433 3687 1505 3728 the
1528 3687 1720 3728 Historia
1740 3688 1790 3728 de
1811 3688 1965 3729 Sancto
1985 3689 2234 3731 Cuthberto.
