2384 4126
869 373 1058 408 SANCTI
1097 373 1424 407 cU'rHBERTI.
2000 359 2103 409 201

191 499 517 567 integritatis
557 500 814 550 damnum
854 498 1186 566 praeferente.
1267 499 1514 549 Statutus
1552 497 1747 548 dehinc
1787 497 1846 548 in
1879 498 2103 566 pedibus

192 589 315 621 cum
359 589 493 638 equo
538 570 758 621 subvehi
806 588 915 621 non
965 576 1161 637 posset,
1207 569 1398 620 baculo
1449 569 1608 636 coepit
1647 575 1875 620 nutante
1920 588 2105 636 gressu

193 648 509 709 attemptare
535 642 818 703 incessum,
848 648 1007 709 atque
1039 641 1117 691 ita
1149 640 1554 708 progrediendO,
1591 640 1811 707 depulsa
1847 641 2106 708 paulatim

192 714 550 764 membrorum
602 713 933 775 tabetudine,
998 713 1154 762 vultu
1201 712 1448 773 vivacior,
1504 717 1727 778 totoque
1777 713 1838 761 fit
1889 729 2106 778 corpore

190 785 442 851 vegetior.
519 785 648 835 Post
684 784 955 834 modicum
990 783 1226 834 solidiori
1258 784 1468 834 incessu
1495 783 1608 833 sine
1636 783 1961 833 adminiculo
1988 802 2102 834 sus-

190 856 448 907 tentantis
486 856 664 906 baculi
699 856 1031 922 longiuscule
1068 854 1376 922 procedens,
1415 859 1627 920 recepto
1662 854 1881 905 tandem
1920 855 1985 904 ad
2021 855 2103 904 in-

192 934 404 994 tegrum
430 927 668 978 omnium
693 927 873 994 vigore
897 926 1277 989 membrorum,
1307 926 1460 976 sociis
1486 925 1684 976 laboris
1712 932 1870 992 atque
1896 926 2102 976 itineris

192 1016 305 1049 sese
357 998 543 1049 alacris
594 999 807 1065 adjutor
845 998 1102 1065 adjunxit,
1154 997 1372 1048 omnino
1420 997 1668 1047 laborans
1711 1015 1779 1048 ne
1819 1006 2104 1064 campanae,

193 1087 310 1137 quae
336 1070 436 1121 sibi
462 1070 807 1137 opprimendo
827 1075 1100 1131 nocuerat,
1130 1069 1329 1136 aliquid
1349 1068 1485 1119 forte
1511 1069 1568 1118 in
1589 1068 1830 1119 ducendo
1855 1069 2105 1119 nocivum

194 1142 471 1193 accideret.
564 1143 715 1192 Tunc
758 1141 924 1192 frater
963 1159 1026 1192 ex
1063 1146 1175 1191 tam
1219 1141 1489 1207 insperata
1525 1140 1604 1191 rei
1641 1140 1941 1191 mutatione
1981 1158 2105 1191 con-

191 1231 373 1264 versus
398 1213 455 1263 in
482 1213 754 1279 gaudium,
793 1213 964 1263 multo
1007 1212 1225 1263 uberius
1268 1218 1480 1262 tantum
1520 1211 1624 1262 Dei
1659 1211 1976 1263 beneficium
2016 1230 2104 1263 ex-

194 1284 444 1350 periendo
484 1285 688 1336 exultat
728 1302 887 1351 quam
925 1284 1071 1350 prius
1108 1301 1203 1350 per
1241 1283 1541 1349 periculum
1588 1283 1914 1349 desperando
1954 1282 2103 1334 dolu-

193 1363 323 1407 erat.
399 1356 675 1407 Intellexit
724 1373 954 1422 namque
1013 1356 1116 1405 Dei
1171 1354 1428 1405 auxilium
1476 1371 1571 1421 per
1624 1354 1768 1405 beati
1819 1355 2104 1405 Cuthberti

193 1428 387 1478 merita
413 1427 655 1478 celeriter
681 1427 878 1490 adesse,
905 1426 998 1477 ubi
1023 1426 1259 1476 humana
1283 1425 1450 1476 virtus
1477 1432 1529 1476 et
1554 1425 1819 1476 industria
1854 1426 1932 1475 nil
1957 1432 2104 1493 pote-

192 1505 276 1549 rat
302 1499 565 1566 prodesse.
644 1499 729 1548 Fit
754 1499 931 1564 itaque
957 1498 1112 1548 laetus
1148 1515 1212 1548 ex
1243 1498 1357 1565 jam
1390 1497 1533 1547 facta
1566 1497 1809 1547 miraculi
1835 1498 2070 1548 novitate
2086 1519 2102 1560 ,-

192 1571 253 1620 fit
279 1571 441 1621 etiam
468 1588 682 1621 securus
718 1570 781 1620 de
815 1569 1021 1619 itineris
1048 1569 1189 1636 quod
1215 1574 1486 1634 supererat
1519 1568 1883 1635 prosperitate.
1962 1569 2104 1619 Red-

195 1642 307 1692 dita
347 1659 472 1708 ergo
519 1641 890 1707 Omnipotenti
933 1641 1049 1690 Deo
1094 1640 1385 1706 gratiarum
1432 1640 1655 1702 actione,
1702 1646 1875 1706 coepto
1914 1639 2106 1691 itinere

192 1713 562 1780 proficiscitur,
619 1712 818 1762 habens
877 1712 1198 1778 gaudentem
1250 1711 1499 1761 comitem
1549 1711 1647 1762 viae
1698 1728 1857 1777 quem
1908 1711 1974 1761 ad
2022 1711 2103 1760 in-

194 1784 465 1850 opinatam
505 1784 731 1834 salutem
775 1801 803 1833 a
848 1800 1058 1832 summo
1097 1787 1368 1848 receperat
1405 1782 1640 1848 periculo
1679 1782 1832 1843 vitae,
1875 1782 1966 1848 qui
1992 1782 2107 1849 ipsa

194 1856 279 1906 die
325 1874 355 1906 a
394 1856 511 1906 loco
554 1855 648 1905 ubi
687 1855 745 1904 in
782 1854 1072 1904 confinium
1121 1853 1309 1904 mortis
1352 1853 1610 1920 pervenit,
1657 1853 1839 1904 decem
1878 1853 2108 1904 miliaria

194 1945 410 1994 corpore
444 1927 650 1993 integer
686 1932 740 1977 et
765 1926 963 1976 viribus
998 1925 1159 1992 pedes
1197 1925 1310 1992 ipse
1349 1925 1568 1991 peregit.
1648 1925 1849 1991 Sponte
1874 1943 2105 1991 namque

195 2016 249 2049 se
295 1998 360 2048 ad
396 1998 634 2049 laborem
683 1997 948 2064 ingerens,
995 2015 1308 2063 campanam
1357 1996 1518 2063 longo
1562 2013 1729 2062 usque
1774 1997 2106 2047 Dunelmum

192 2070 384 2120 itinere
426 2069 730 2130 comitatur,
775 2068 869 2119 ubi
911 2068 976 2119 ad
1020 2068 1103 2119 sui
1147 2069 1448 2134 sepulcrum
1498 2068 1752 2134 ereptoris
1796 2068 2107 2135 suppliciter

194 2147 509 2208 prostratus,
539 2141 802 2191 Salvatori
829 2140 1068 2190 omnium
1096 2140 1310 2190 Christo
1338 2138 1535 2206 gratias
1569 2138 1818 2201 reddidit,
1849 2139 1957 2190 Qui
1984 2157 2106 2189 eum

193 2231 287 2279 per
311 2212 673 2263 interventum
702 2212 798 2262 Sui
825 2212 994 2262 sancti
1021 2211 1369 2274 Confessoris,
1407 2228 1529 2261 cum
1560 2210 1617 2260 in
1642 2216 1871 2261 mortem
1898 2210 2106 2274 cecidit,

197 2283 265 2334 ad
289 2284 454 2334 vitam
479 2283 761 2334 revocavit.
