<?xml version="1.0" encoding="UTF-8"?>
<!DOCTYPE html PUBLIC "-//W3C//DTD XHTML 1.0 Transitional//EN"
    "http://www.w3.org/TR/xhtml1/DTD/xhtml1-transitional.dtd">
<html xmlns="http://www.w3.org/1999/xhtml" xml:lang="en" lang="en">
 <head>
  <title>
</title>
<meta http-equiv="Content-Type" content="text/html;charset=utf-8" />
  <meta name='ocr-system' content='tesseract 3.04.00' />
  <meta name='ocr-capabilities' content='ocr_page ocr_carea ocr_par ocr_line ocrx_word'/>
</head>
<body>
  <div class='ocr_page' id='page_1' title='image "./operacollect00simerich_0126.png"; bbox 0 0 2384 4126; ppageno 0'>
   <div class='ocr_carea' id='block_1_1' title="bbox 251 406 1569 455">
    <p class='ocr_par' dir='ltr' id='par_1_1' title="bbox 251 406 1569 455">
     <span class='ocr_line' id='line_1_1' title="bbox 251 406 1569 455; baseline -0.002 0"><span class='ocrx_word' id='word_1_1' title='bbox 251 406 320 455; x_wconf 86' lang='lat'><em>36</em></span> <span class='ocrx_word' id='word_1_2' title='bbox 864 420 1136 454; x_wconf 77' lang='lat' dir='ltr'><em>sYMEONis</em></span> <span class='ocrx_word' id='word_1_3' title='bbox 1178 419 1569 453; x_wconf 82' lang='lat' dir='ltr'>DUNELMENSIS</span> 
     </span>
    </p>
   </div>
   <div class='ocr_carea' id='block_1_2' title="bbox 221 544 2187 2203">
    <p class='ocr_par' dir='ltr' id='par_1_2' title="bbox 248 544 2183 687">
     <span class='ocr_line' id='line_1_2' title="bbox 249 544 2183 615; baseline -0.002 -17"><span class='ocrx_word' id='word_1_4' title='bbox 249 546 442 598; x_wconf 85' lang='lat' dir='ltr'><em>baldus</em></span> <span class='ocrx_word' id='word_1_5' title='bbox 467 546 681 598; x_wconf 81' lang='lat' dir='ltr'><em>recitari</em></span> <span class='ocrx_word' id='word_1_6' title='bbox 708 546 942 615; x_wconf 87' lang='lat' dir='ltr'><em>quinque</em></span> <span class='ocrx_word' id='word_1_7' title='bbox 969 546 1294 615; x_wconf 88' lang='lat' dir='ltr'><em>synodorum</em></span> <span class='ocrx_word' id='word_1_8' title='bbox 1322 546 1499 610; x_wconf 89' lang='lat' dir='ltr'><em>fidem,</em></span> <span class='ocrx_word' id='word_1_9' title='bbox 1540 545 1606 597; x_wconf 91' lang='lat' dir='ltr'><em>de</em></span> <span class='ocrx_word' id='word_1_10' title='bbox 1634 544 1827 613; x_wconf 87' lang='lat' dir='ltr'><em>quibus</em></span> <span class='ocrx_word' id='word_1_11' title='bbox 1851 545 1910 595; x_wconf 89' lang='lat' dir='ltr'><em>in</em></span> <span class='ocrx_word' id='word_1_12' title='bbox 1939 545 2183 597; x_wconf 87' lang='lat' dir='ltr'><em>Historia</em></span> 
     </span>
     <span class='ocr_line' id='line_1_3' title="bbox 248 619 967 687; baseline -0.001 -17"><span class='ocrx_word' id='word_1_13' title='bbox 248 619 572 687; x_wconf 57' lang='lat' dir='ltr'><em>Anglorumz</em></span> <span class='ocrx_word' id='word_1_14' title='bbox 597 619 673 670; x_wconf 87' lang='lat' dir='ltr'><em>sie</em></span> <span class='ocrx_word' id='word_1_15' title='bbox 697 619 967 670; x_wconf 56' lang='lat' dir='ltr'><em>habetare</em></span> 
     </span>
    </p>

    <p class='ocr_par' dir='ltr' id='par_1_3' title="bbox 221 690 2187 1913">
     <span class='ocr_line' id='line_1_4' title="bbox 362 690 2182 759; baseline -0.001 -17"><span class='ocrx_word' id='word_1_16' title='bbox 362 693 686 759; x_wconf 76' lang='lat' dir='ltr'><em>Suscipimus</em></span> <span class='ocrx_word' id='word_1_17' title='bbox 725 697 939 743; x_wconf 87' lang='lat' dir='ltr'><em>sanctas</em></span> <span class='ocrx_word' id='word_1_18' title='bbox 979 697 1028 743; x_wconf 91' lang='lat' dir='ltr'><em>et</em></span> <span class='ocrx_word' id='word_1_19' title='bbox 1063 692 1383 742; x_wconf 85' lang='lat' dir='ltr'><em>universales</em></span> <span class='ocrx_word' id='word_1_20' title='bbox 1415 691 1638 758; x_wconf 79' lang='lat' dir='ltr'><em>quinque</em></span> <span class='ocrx_word' id='word_1_21' title='bbox 1663 691 1889 757; x_wconf 73' lang='lat' dir='ltr'><em>synodos</em></span> <span class='ocrx_word' id='word_1_22' title='bbox 1916 690 2182 740; x_wconf 90' lang='lat' dir='ltr'><em>beatorum</em></span> 
     </span>
     <span class='ocr_line' id='line_1_5' title="bbox 251 763 2185 830; baseline -0.002 -15"><span class='ocrx_word' id='word_1_23' title='bbox 251 769 300 815; x_wconf 92' lang='lat' dir='ltr'><em>et</em></span> <span class='ocrx_word' id='word_1_24' title='bbox 350 765 463 815; x_wconf 90' lang='lat' dir='ltr'><em>Deo</em></span> <span class='ocrx_word' id='word_1_25' title='bbox 515 764 913 830; x_wconf 74' lang='lat' dir='ltr'><em>acceptabilium</em></span> <span class='ocrx_word' id='word_1_26' title='bbox 963 764 1207 826; x_wconf 90' lang='lat' dir='ltr'><em>Patrum,</em></span> <span class='ocrx_word' id='word_1_27' title='bbox 1271 764 1408 814; x_wconf 89' lang='lat' dir='ltr'><em>sicut</em></span> <span class='ocrx_word' id='word_1_28' title='bbox 1455 764 1734 829; x_wconf 72' lang='lat' dir='ltr'><em>proesentis</em></span> <span class='ocrx_word' id='word_1_29' title='bbox 1785 763 1906 812; x_wconf 90' lang='lat' dir='ltr'><em>libri</em></span> <span class='ocrx_word' id='word_1_30' title='bbox 1957 763 2185 813; x_wconf 91' lang='lat' dir='ltr'><em>continet</em></span> 
     </span>
     <span class='ocr_line' id='line_1_6' title="bbox 251 835 2179 902; baseline -0.002 -15"><span class='ocrx_word' id='word_1_31' title='bbox 251 841 442 887; x_wconf 74' lang='lat' dir='ltr'><em>tea‘tus.</em></span> <span class='ocrx_word' id='word_1_32' title='bbox 525 836 892 902; x_wconf 83' lang='lat' dir='ltr'><em>Glorificamus</em></span> <span class='ocrx_word' id='word_1_33' title='bbox 935 853 1061 886; x_wconf 90' lang='lat' dir='ltr'><em>sane</em></span> <span class='ocrx_word' id='word_1_34' title='bbox 1102 841 1152 886; x_wconf 94' lang='lat' dir='ltr'><em>et</em></span> <span class='ocrx_word' id='word_1_35' title='bbox 1197 836 1480 886; x_wconf 86' lang='lat' dir='ltr'><em>adoramus</em></span> <span class='ocrx_word' id='word_1_36' title='bbox 1525 840 1680 901; x_wconf 80' lang='lat' dir='ltr'><em>atque</em></span> <span class='ocrx_word' id='word_1_37' title='bbox 1723 852 2031 885; x_wconf 86' lang='lat' dir='ltr'><em>veneramur</em></span> <span class='ocrx_word' id='word_1_38' title='bbox 2070 835 2179 884; x_wconf 90' lang='lat' dir='ltr'><em>Do-</em></span> 
     </span>
     <span class='ocr_line' id='line_1_7' title="bbox 250 906 2180 974; baseline -0.001 -16"><span class='ocrx_word' id='word_1_39' title='bbox 250 909 444 959; x_wconf 88' lang='lat' dir='ltr'><em>minum</em></span> <span class='ocrx_word' id='word_1_40' title='bbox 495 914 730 959; x_wconf 87' lang='lat' dir='ltr'><em>nostrum</em></span> <span class='ocrx_word' id='word_1_41' title='bbox 779 909 1012 959; x_wconf 75' lang='lat' dir='ltr'><em>Jhesum</em></span> <span class='ocrx_word' id='word_1_42' title='bbox 1050 908 1331 969; x_wconf 73' lang='lat' dir='ltr'><em>Christum,</em></span> <span class='ocrx_word' id='word_1_43' title='bbox 1386 908 1523 958; x_wconf 87' lang='lat' dir='ltr'><em>sicut</em></span> <span class='ocrx_word' id='word_1_44' title='bbox 1584 908 1676 958; x_wconf 91' lang='lat' dir='ltr'><em>isti</em></span> <span class='ocrx_word' id='word_1_45' title='bbox 1730 906 2180 974; x_wconf 68' lang='lat' dir='ltr'><em>ylorificaverunt,</em></span> 
     </span>
     <span class='ocr_line' id='line_1_8' title="bbox 250 979 2183 1031; baseline -0.001 -1"><span class='ocrx_word' id='word_1_46' title='bbox 250 981 387 1031; x_wconf 89' lang='lat' dir='ltr'><em>nihil</em></span> <span class='ocrx_word' id='word_1_47' title='bbox 426 981 677 1031; x_wconf 75' lang='lat' dir='ltr'><em>addentes</em></span> <span class='ocrx_word' id='word_1_48' title='bbox 719 981 802 1031; x_wconf 76' lang='lat' dir='ltr'><em>vel</em></span> <span class='ocrx_word' id='word_1_49' title='bbox 832 981 1212 1031; x_wconf 71' lang='lat' dir='ltr'><em>subtrahentes.</em></span> <span class='ocrx_word' id='word_1_50' title='bbox 1290 980 1366 1030; x_wconf 91' lang='lat' dir='ltr'><em>Et</em></span> <span class='ocrx_word' id='word_1_51' title='bbox 1406 980 1916 1031; x_wconf 69' lang='lat' dir='ltr'><em>anathematizamus</em></span> <span class='ocrx_word' id='word_1_52' title='bbox 1952 979 2106 1029; x_wconf 92' lang='lat' dir='ltr'><em>corde</em></span> <span class='ocrx_word' id='word_1_53' title='bbox 2133 984 2183 1029; x_wconf 92' lang='lat' dir='ltr'><em>et</em></span> 
     </span>
     <span class='ocr_line' id='line_1_9' title="bbox 251 1051 2183 1119; baseline -0.002 -16"><span class='ocrx_word' id='word_1_54' title='bbox 251 1070 340 1103; x_wconf 91' lang='lat' dir='ltr'><em>ore</em></span> <span class='ocrx_word' id='word_1_55' title='bbox 367 1069 493 1119; x_wconf 81' lang='lat' dir='ltr'><em>quos</em></span> <span class='ocrx_word' id='word_1_56' title='bbox 521 1053 1100 1103; x_wconf 75' lang='lat' dir='ltr'><em>anathematizaverunt</em></span> <span class='ocrx_word' id='word_1_57' title='bbox 1115 1051 1366 1117; x_wconf 67' lang='lat' dir='ltr'><em>praedicti</em></span> <span class='ocrx_word' id='word_1_58' title='bbox 1393 1052 1605 1115; x_wconf 89' lang='lat' dir='ltr'><em>Patres,</em></span> <span class='ocrx_word' id='word_1_59' title='bbox 1628 1052 1988 1118; x_wconf 69' lang='lat' dir='ltr'><em>ylorificantes</em></span> <span class='ocrx_word' id='word_1_60' title='bbox 2014 1052 2183 1101; x_wconf 90' lang='lat' dir='ltr'><em>Deum</em></span> 
     </span>
     <span class='ocr_line' id='line_1_10' title="bbox 251 1124 2183 1191; baseline 0 -18"><span class='ocrx_word' id='word_1_61' title='bbox 251 1125 470 1175; x_wconf 88' lang='lat' dir='ltr'><em>Patrem</em></span> <span class='ocrx_word' id='word_1_62' title='bbox 513 1125 907 1189; x_wconf 76' lang='lat' dir='ltr'><em>omnipotentem</em></span> <span class='ocrx_word' id='word_1_63' title='bbox 942 1124 1053 1173; x_wconf 90' lang='lat' dir='ltr'><em>sine</em></span> <span class='ocrx_word' id='word_1_64' title='bbox 1088 1124 1259 1185; x_wconf 90' lang='lat' dir='ltr'><em>initio,</em></span> <span class='ocrx_word' id='word_1_65' title='bbox 1300 1129 1349 1174; x_wconf 92' lang='lat' dir='ltr'><em>et</em></span> <span class='ocrx_word' id='word_1_66' title='bbox 1381 1124 1571 1173; x_wconf 88' lang='lat' dir='ltr'><em>Filium</em></span> <span class='ocrx_word' id='word_1_67' title='bbox 1609 1124 1744 1189; x_wconf 85' lang='lat' dir='ltr'><em>Ejus</em></span> <span class='ocrx_word' id='word_1_68' title='bbox 1770 1124 2091 1191; x_wconf 69' lang='lat' dir='ltr'><em>uniyenitum</em></span> <span class='ocrx_word' id='word_1_69' title='bbox 2118 1140 2183 1173; x_wconf 76' lang='lat' dir='ltr'><em>ea‘</em></span> 
     </span>
     <span class='ocr_line' id='line_1_11' title="bbox 252 1195 2184 1263; baseline 0 -18"><span class='ocrx_word' id='word_1_70' title='bbox 252 1197 419 1247; x_wconf 91' lang='lat' dir='ltr'><em>Patre</em></span> <span class='ocrx_word' id='word_1_71' title='bbox 439 1202 747 1263; x_wconf 70' lang='lat' dir='ltr'><em>yeneratum</em></span> <span class='ocrx_word' id='word_1_72' title='bbox 775 1201 895 1246; x_wconf 90' lang='lat' dir='ltr'><em>ante</em></span> <span class='ocrx_word' id='word_1_73' title='bbox 920 1196 1126 1257; x_wconf 79' lang='lat' dir='ltr'><em>soecula,</em></span> <span class='ocrx_word' id='word_1_74' title='bbox 1168 1201 1217 1245; x_wconf 92' lang='lat' dir='ltr'><em>et</em></span> <span class='ocrx_word' id='word_1_75' title='bbox 1246 1195 1501 1260; x_wconf 79' lang='lat' dir='ltr'><em>Spiritum</em></span> <span class='ocrx_word' id='word_1_76' title='bbox 1535 1196 1786 1247; x_wconf 83' lang='lat' dir='ltr'><em>Sanctum</em></span> <span class='ocrx_word' id='word_1_77' title='bbox 1822 1196 2184 1261; x_wconf 74' lang='lat' dir='ltr'><em>procedentem</em></span> 
     </span>
     <span class='ocr_line' id='line_1_12' title="bbox 252 1267 2185 1333; baseline -0.001 -14"><span class='ocrx_word' id='word_1_78' title='bbox 252 1285 317 1319; x_wconf 78' lang='lat' dir='ltr'><em>ea‘</em></span> <span class='ocrx_word' id='word_1_79' title='bbox 357 1269 523 1319; x_wconf 90' lang='lat' dir='ltr'><em>Patre</em></span> <span class='ocrx_word' id='word_1_80' title='bbox 565 1273 614 1318; x_wconf 92' lang='lat' dir='ltr'><em>et</em></span> <span class='ocrx_word' id='word_1_81' title='bbox 654 1268 789 1318; x_wconf 89' lang='lat' dir='ltr'><em>Filio</em></span> <span class='ocrx_word' id='word_1_82' title='bbox 830 1267 1277 1328; x_wconf 85' lang='lat' dir='ltr'><em>inenarrabiliter,</em></span> <span class='ocrx_word' id='word_1_83' title='bbox 1315 1268 1453 1318; x_wconf 88' lang='lat' dir='ltr'><em>sicut</em></span> <span class='ocrx_word' id='word_1_84' title='bbox 1484 1268 1911 1333; x_wconf 63' lang='lat' dir='ltr'><em>praedicaverunt</em></span> <span class='ocrx_word' id='word_1_85' title='bbox 1949 1268 2020 1330; x_wconf 90' lang='lat' dir='ltr'><em>hi,</em></span> <span class='ocrx_word' id='word_1_86' title='bbox 2059 1285 2185 1333; x_wconf 81' lang='lat' dir='ltr'><em>quos</em></span> 
     </span>
     <span class='ocr_line' id='line_1_13' title="bbox 249 1339 2183 1406; baseline -0.001 -15"><span class='ocrx_word' id='word_1_87' title='bbox 249 1358 412 1406; x_wconf 76' lang='lat' dir='ltr'><em>supra</em></span> <span class='ocrx_word' id='word_1_88' title='bbox 456 1340 870 1401; x_wconf 83' lang='lat' dir='ltr'><em>memoravimus,</em></span> <span class='ocrx_word' id='word_1_89' title='bbox 908 1339 1082 1390; x_wconf 89' lang='lat' dir='ltr'><em>sancti</em></span> <span class='ocrx_word' id='word_1_90' title='bbox 1116 1339 1375 1404; x_wconf 77' lang='lat' dir='ltr'><em>Apostoli,</em></span> <span class='ocrx_word' id='word_1_91' title='bbox 1416 1345 1464 1390; x_wconf 89' lang='lat' dir='ltr'><em>et</em></span> <span class='ocrx_word' id='word_1_92' title='bbox 1501 1341 1794 1406; x_wconf 71' lang='lat' dir='ltr'><em>Prophetce,</em></span> <span class='ocrx_word' id='word_1_93' title='bbox 1835 1346 1883 1390; x_wconf 87' lang='lat' dir='ltr'><em>et</em></span> <span class='ocrx_word' id='word_1_94' title='bbox 1909 1341 2183 1402; x_wconf 74' lang='lat' dir='ltr'><em>DoctoreS,</em></span> 
     </span>
     <span class='ocr_line' id='line_1_14' title="bbox 251 1412 2181 1478; baseline -0.001 -15"><span class='ocrx_word' id='word_1_95' title='bbox 251 1418 301 1463; x_wconf 90' lang='lat' dir='ltr'><em>et</em></span> <span class='ocrx_word' id='word_1_96' title='bbox 329 1429 421 1462; x_wconf 91' lang='lat' dir='ltr'><em>nos</em></span> <span class='ocrx_word' id='word_1_97' title='bbox 448 1412 724 1474; x_wconf 88' lang='lat' dir='ltr'><em>credimus,</em></span> <span class='ocrx_word' id='word_1_98' title='bbox 754 1417 979 1478; x_wconf 73' lang='lat' dir='ltr'><em>propter</em></span> <span class='ocrx_word' id='word_1_99' title='bbox 1004 1412 1144 1478; x_wconf 78' lang='lat' dir='ltr'><em>quod</em></span> <span class='ocrx_word' id='word_1_100' title='bbox 1167 1417 1215 1462; x_wconf 92' lang='lat' dir='ltr'><em>et</em></span> <span class='ocrx_word' id='word_1_101' title='bbox 1243 1412 1403 1463; x_wconf 86' lang='lat' dir='ltr'><em>locuti</em></span> <span class='ocrx_word' id='word_1_102' title='bbox 1428 1429 1620 1462; x_wconf 89' lang='lat' dir='ltr'><em>sumus.</em></span> <span class='ocrx_word' id='word_1_103' title='bbox 1697 1412 1811 1463; x_wconf 92' lang='lat' dir='ltr'><em>Hos</em></span> <span class='ocrx_word' id='word_1_104' title='bbox 1836 1413 2014 1478; x_wconf 80' lang='lat' dir='ltr'><em>itaque</em></span> <span class='ocrx_word' id='word_1_105' title='bbox 2040 1429 2181 1477; x_wconf 70' lang='lat' dir='ltr'><em>pra&gt;-</em></span> 
     </span>
     <span class='ocr_line' id='line_1_15' title="bbox 252 1485 2183 1550; baseline -0.001 -16"><span class='ocrx_word' id='word_1_106' title='bbox 252 1485 421 1535; x_wconf 88' lang='lat' dir='ltr'><em>dictos</em></span> <span class='ocrx_word' id='word_1_107' title='bbox 450 1485 643 1535; x_wconf 87' lang='lat' dir='ltr'><em>Patres</em></span> <span class='ocrx_word' id='word_1_108' title='bbox 669 1502 761 1535; x_wconf 92' lang='lat' dir='ltr'><em>nos</em></span> <span class='ocrx_word' id='word_1_109' title='bbox 784 1485 870 1550; x_wconf 84' lang='lat' dir='ltr'><em>pie</em></span> <span class='ocrx_word' id='word_1_110' title='bbox 898 1489 1053 1550; x_wconf 78' lang='lat' dir='ltr'><em>atque</em></span> <span class='ocrx_word' id='word_1_111' title='bbox 1080 1485 1544 1547; x_wconf 74' lang='lat' dir='ltr'><em>orthodooeejuoeta</em></span> <span class='ocrx_word' id='word_1_112' title='bbox 1571 1485 1842 1536; x_wconf 84' lang='lat' dir='ltr'><em>Divinitus</em></span> <span class='ocrx_word' id='word_1_113' title='bbox 1868 1485 2183 1550; x_wconf 77' lang='lat' dir='ltr'><em>inspiratam</em></span> 
     </span>
     <span class='ocr_line' id='line_1_16' title="bbox 252 1555 2186 1623; baseline 0.001 -17"><span class='ocrx_word' id='word_1_114' title='bbox 252 1557 547 1608; x_wconf 84' lang='lat' dir='ltr'><em>doctrinam</em></span> <span class='ocrx_word' id='word_1_115' title='bbox 598 1573 772 1607; x_wconf 92' lang='lat' dir='ltr'><em>eorum</em></span> <span class='ocrx_word' id='word_1_116' title='bbox 812 1555 1045 1622; x_wconf 76' lang='lat' dir='ltr'><em>professi</em></span> <span class='ocrx_word' id='word_1_117' title='bbox 1097 1557 1355 1607; x_wconf 90' lang='lat' dir='ltr'><em>credimus</em></span> <span class='ocrx_word' id='word_1_118' title='bbox 1408 1562 1722 1618; x_wconf 86' lang='lat' dir='ltr'><em>constanter,</em></span> <span class='ocrx_word' id='word_1_119' title='bbox 1782 1562 1832 1608; x_wconf 92' lang='lat' dir='ltr'><em>et</em></span> <span class='ocrx_word' id='word_1_120' title='bbox 1883 1556 2186 1623; x_wconf 86' lang='lat' dir='ltr'><em>confitemur</em></span> 
     </span>
     <span class='ocr_line' id='line_1_17' title="bbox 221 1629 2184 1694; baseline 0.001 -17"><span class='ocrx_word' id='word_1_121' title='bbox 221 1673 225 1677; x_wconf 88' lang='lat'><em>.</em></span> <span class='ocrx_word' id='word_1_122' title='bbox 250 1630 531 1680; x_wconf 89' lang='lat' dir='ltr'><em>secundum</em></span> <span class='ocrx_word' id='word_1_123' title='bbox 556 1634 768 1680; x_wconf 90' lang='lat' dir='ltr'><em>sanctos</em></span> <span class='ocrx_word' id='word_1_124' title='bbox 795 1630 989 1679; x_wconf 90' lang='lat' dir='ltr'><em>Patres</em></span> <span class='ocrx_word' id='word_1_125' title='bbox 1017 1629 1238 1694; x_wconf 74' lang='lat' dir='ltr'><em>proprie</em></span> <span class='ocrx_word' id='word_1_126' title='bbox 1273 1634 1323 1679; x_wconf 92' lang='lat' dir='ltr'><em>et</em></span> <span class='ocrx_word' id='word_1_127' title='bbox 1348 1630 1609 1680; x_wconf 81' lang='lat' dir='ltr'><em>veraciter</em></span> <span class='ocrx_word' id='word_1_128' title='bbox 1636 1630 1870 1692; x_wconf 88' lang='lat' dir='ltr'><em>Patrem,</em></span> <span class='ocrx_word' id='word_1_129' title='bbox 1899 1635 1949 1680; x_wconf 93' lang='lat' dir='ltr'><em>et</em></span> <span class='ocrx_word' id='word_1_130' title='bbox 1974 1630 2184 1691; x_wconf 88' lang='lat' dir='ltr'><em>Filium,</em></span> 
     </span>
     <span class='ocr_line' id='line_1_18' title="bbox 251 1701 2187 1768; baseline -0.001 -17"><span class='ocrx_word' id='word_1_131' title='bbox 251 1707 302 1752; x_wconf 87' lang='lat' dir='ltr'><em>et</em></span> <span class='ocrx_word' id='word_1_132' title='bbox 330 1702 588 1768; x_wconf 77' lang='lat' dir='ltr'><em>Spiritum</em></span> <span class='ocrx_word' id='word_1_133' title='bbox 616 1702 888 1762; x_wconf 79' lang='lat' dir='ltr'><em>Sanctum,</em></span> <span class='ocrx_word' id='word_1_134' title='bbox 934 1701 1244 1752; x_wconf 91' lang='lat' dir='ltr'><em>Trinitatem</em></span> <span class='ocrx_word' id='word_1_135' title='bbox 1270 1702 1325 1751; x_wconf 90' lang='lat' dir='ltr'><em>in</em></span> <span class='ocrx_word' id='word_1_136' title='bbox 1360 1701 1570 1753; x_wconf 87' lang='lat' dir='ltr'><em>Unitate</em></span> <span class='ocrx_word' id='word_1_137' title='bbox 1598 1701 2107 1764; x_wconf 89' lang='lat' dir='ltr'><em>consubstantialem,</em></span> <span class='ocrx_word' id='word_1_138' title='bbox 2137 1706 2187 1751; x_wconf 90' lang='lat' dir='ltr'><em>et</em></span> 
     </span>
     <span class='ocr_line' id='line_1_19' title="bbox 260 1773 2185 1836; baseline -0.001 -13"><span class='ocrx_word' id='word_1_139' title='bbox 260 1773 522 1825; x_wconf 90' lang='lat' dir='ltr'><em>Unitatem</em></span> <span class='ocrx_word' id='word_1_140' title='bbox 548 1774 604 1824; x_wconf 91' lang='lat' dir='ltr'><em>in</em></span> <span class='ocrx_word' id='word_1_141' title='bbox 637 1773 912 1834; x_wconf 89' lang='lat' dir='ltr'><em>Trinitate,</em></span> <span class='ocrx_word' id='word_1_142' title='bbox 953 1774 1049 1823; x_wconf 91' lang='lat' dir='ltr'><em>hoc</em></span> <span class='ocrx_word' id='word_1_143' title='bbox 1076 1779 1168 1836; x_wconf 87' lang='lat' dir='ltr'><em>est,</em></span> <span class='ocrx_word' id='word_1_144' title='bbox 1208 1791 1365 1824; x_wconf 89' lang='lat' dir='ltr'><em>unum</em></span> <span class='ocrx_word' id='word_1_145' title='bbox 1391 1775 1559 1825; x_wconf 92' lang='lat' dir='ltr'><em>Deum</em></span> <span class='ocrx_word' id='word_1_146' title='bbox 1585 1775 1640 1825; x_wconf 91' lang='lat' dir='ltr'><em>in</em></span> <span class='ocrx_word' id='word_1_147' title='bbox 1667 1775 1834 1825; x_wconf 86' lang='lat' dir='ltr'><em>tribus</em></span> <span class='ocrx_word' id='word_1_148' title='bbox 1859 1774 2185 1825; x_wconf 89' lang='lat' dir='ltr'><em>subsistenti-</em></span> 
     </span>
     <span class='ocr_line' id='line_1_20' title="bbox 254 1845 1978 1913; baseline 0 -17"><span class='ocrx_word' id='word_1_149' title='bbox 254 1847 346 1897; x_wconf 91' lang='lat' dir='ltr'><em>bus</em></span> <span class='ocrx_word' id='word_1_150' title='bbox 361 1846 608 1912; x_wconf 77' lang='lat' dir='ltr'><em>personis</em></span> <span class='ocrx_word' id='word_1_151' title='bbox 635 1845 1185 1906; x_wconf 89' lang='lat' dir='ltr'><em>consubstantialibus,</em></span> <span class='ocrx_word' id='word_1_152' title='bbox 1225 1847 1440 1912; x_wconf 69' lang='lat' dir='ltr'><em>sequalis</em></span> <span class='ocrx_word' id='word_1_153' title='bbox 1463 1847 1646 1913; x_wconf 68' lang='lat' dir='ltr'><em>ylorice</em></span> <span class='ocrx_word' id='word_1_154' title='bbox 1673 1852 1722 1898; x_wconf 84' lang='lat' dir='ltr'><em>et.</em></span> <span class='ocrx_word' id='word_1_155' title='bbox 1749 1848 1978 1898; x_wconf 89' lang='lat' dir='ltr'><em>honoris.</em></span> 
     </span>
    </p>

    <p class='ocr_par' dir='ltr' id='par_1_4' title="bbox 253 1917 2187 2057">
     <span class='ocr_line' id='line_1_21' title="bbox 365 1917 2187 1986; baseline 0.001 -18"><span class='ocrx_word' id='word_1_156' title='bbox 365 1918 469 1968; x_wconf 92' lang='lat' dir='ltr'><em>His</em></span> <span class='ocrx_word' id='word_1_157' title='bbox 505 1917 662 1968; x_wconf 84' lang='lat' dir='ltr'><em>dietis</em></span> <span class='ocrx_word' id='word_1_158' title='bbox 695 1925 748 1968; x_wconf 90' lang='lat' dir='ltr'><em>et</em></span> <span class='ocrx_word' id='word_1_159' title='bbox 785 1917 1112 1968; x_wconf 84' lang='lat' dir='ltr'><em>confirmatis</em></span> <span class='ocrx_word' id='word_1_160' title='bbox 1149 1918 1347 1968; x_wconf 87' lang='lat' dir='ltr'><em>reversi</em></span> <span class='ocrx_word' id='word_1_161' title='bbox 1382 1924 1507 1968; x_wconf 88' lang='lat' dir='ltr'><em>sunt</em></span> <span class='ocrx_word' id='word_1_162' title='bbox 1535 1918 1601 1969; x_wconf 88' lang='lat' dir='ltr'><em>ad</em></span> <span class='ocrx_word' id='word_1_163' title='bbox 1636 1919 1865 1986; x_wconf 87' lang='lat' dir='ltr'><em>propria,</em></span> <span class='ocrx_word' id='word_1_164' title='bbox 1904 1917 2187 1969; x_wconf 78' lang='lat' dir='ltr'><em>laudantes</em></span> 
     </span>
     <span class='ocr_line' id='line_1_22' title="bbox 253 1989 1298 2057; baseline 0 -16"><span class='ocrx_word' id='word_1_165' title='bbox 253 1990 433 2042; x_wconf 90' lang='lat' dir='ltr'><em>Deum</em></span> <span class='ocrx_word' id='word_1_166' title='bbox 461 2008 554 2057; x_wconf 88' lang='lat' dir='ltr'><em>pro</em></span> <span class='ocrx_word' id='word_1_167' title='bbox 581 1989 831 2041; x_wconf 89' lang='lat' dir='ltr'><em>omnibus</em></span> <span class='ocrx_word' id='word_1_168' title='bbox 858 1989 1130 2040; x_wconf 89' lang='lat' dir='ltr'><em>benefieiis</em></span> <span class='ocrx_word' id='word_1_169' title='bbox 1159 1990 1298 2041; x_wconf 87' lang='lat' dir='ltr'><em>Suis.</em></span> 
     </span>
    </p>

    <p class='ocr_par' dir='ltr' id='par_1_5' title="bbox 251 2061 2185 2203">
     <span class='ocr_line' id='line_1_23' title="bbox 365 2061 2185 2131; baseline 0 -19"><span class='ocrx_word' id='word_1_170' title='bbox 365 2063 546 2131; x_wconf 86' lang='lat' dir='ltr'><em>Hujus</em></span> <span class='ocrx_word' id='word_1_171' title='bbox 586 2062 711 2113; x_wconf 88' lang='lat' dir='ltr'><em>fidei</em></span> <span class='ocrx_word' id='word_1_172' title='bbox 750 2062 1119 2129; x_wconf 75' lang='lat' dir='ltr'><em>integritatem</em></span> <span class='ocrx_word' id='word_1_173' title='bbox 1156 2061 1231 2113; x_wconf 88' lang='lat' dir='ltr'><em>sie</em></span> <span class='ocrx_word' id='word_1_174' title='bbox 1273 2061 1399 2113; x_wconf 88' lang='lat' dir='ltr'><em>alibi</em></span> <span class='ocrx_word' id='word_1_175' title='bbox 1435 2080 1548 2113; x_wconf 90' lang='lat' dir='ltr'><em>esse</em></span> <span class='ocrx_word' id='word_1_176' title='bbox 1585 2062 1907 2130; x_wconf 76' lang='lat' dir='ltr'><em>descriptam</em></span> <span class='ocrx_word' id='word_1_177' title='bbox 1937 2062 2185 2130; x_wconf 85' lang='lat' dir='ltr'><em>legimus,</em></span> 
     </span>
     <span class='ocr_line' id='line_1_24' title="bbox 251 2134 1984 2203; baseline 0.001 -18"><span class='ocrx_word' id='word_1_178' title='bbox 251 2152 346 2202; x_wconf 88' lang='lat' dir='ltr'><em>per</em></span> <span class='ocrx_word' id='word_1_179' title='bbox 371 2152 533 2202; x_wconf 89' lang='lat' dir='ltr'><em>quam</em></span> <span class='ocrx_word' id='word_1_180' title='bbox 560 2134 752 2185; x_wconf 84' lang='lat' dir='ltr'><em>salvari</em></span> <span class='ocrx_word' id='word_1_181' title='bbox 779 2152 1071 2202; x_wconf 77' lang='lat' dir='ltr'><em>speramUS,</em></span> <span class='ocrx_word' id='word_1_182' title='bbox 1101 2134 1239 2185; x_wconf 89' lang='lat' dir='ltr'><em>sieut</em></span> <span class='ocrx_word' id='word_1_183' title='bbox 1266 2134 1446 2186; x_wconf 83' lang='lat' dir='ltr'><em>eaeteri</em></span> <span class='ocrx_word' id='word_1_184' title='bbox 1465 2135 1601 2203; x_wconf 83' lang='lat' dir='ltr'><em>justi</em></span> <span class='ocrx_word' id='word_1_185' title='bbox 1628 2135 1984 2186; x_wconf 83' lang='lat' dir='ltr'><em>confidebant.</em></span> 
     </span>
    </p>
   </div>
   <div class='ocr_carea' id='block_1_3' title="bbox 548 2247 1835 2455">
    <p class='ocr_par' dir='ltr' id='par_1_6' title="bbox 548 2247 1835 2455">
     <span class='ocr_line' id='line_1_25' title="bbox 548 2247 1835 2300; baseline 0.001 -12"><span class='ocrx_word' id='word_1_186' title='bbox 548 2250 574 2268; x_wconf 89' lang='lat'><strong><em>“</em></strong></span> <span class='ocrx_word' id='word_1_187' title='bbox 586 2248 697 2289; x_wconf 80' lang='lat' dir='ltr'><em>Cum</em></span> <span class='ocrx_word' id='word_1_188' title='bbox 716 2247 846 2288; x_wconf 86' lang='lat' dir='ltr'><em>Pater</em></span> <span class='ocrx_word' id='word_1_189' title='bbox 865 2247 912 2287; x_wconf 89' lang='lat' dir='ltr'><em>in</em></span> <span class='ocrx_word' id='word_1_190' title='bbox 931 2247 1074 2288; x_wconf 88' lang='lat' dir='ltr'><em>Verbo</em></span> <span class='ocrx_word' id='word_1_191' title='bbox 1094 2247 1148 2288; x_wconf 88' lang='lat' dir='ltr'><em>sit</em></span> <span class='ocrx_word' id='word_1_192' title='bbox 1168 2261 1332 2300; x_wconf 84' lang='lat' dir='ltr'><em>semper</em></span> <span class='ocrx_word' id='word_1_193' title='bbox 1352 2250 1395 2289; x_wconf 90' lang='lat' dir='ltr'><em>et</em></span> <span class='ocrx_word' id='word_1_194' title='bbox 1414 2248 1460 2288; x_wconf 89' lang='lat' dir='ltr'><em>in</em></span> <span class='ocrx_word' id='word_1_195' title='bbox 1479 2248 1609 2289; x_wconf 86' lang='lat' dir='ltr'><em>Patre</em></span> <span class='ocrx_word' id='word_1_196' title='bbox 1628 2249 1835 2296; x_wconf 87' lang='lat' dir='ltr'><em>Verbum,</em></span> 
     </span>
     <span class='ocr_line' id='line_1_26' title="bbox 642 2303 1615 2356; baseline 0.001 -13"><span class='ocrx_word' id='word_1_197' title='bbox 642 2303 791 2355; x_wconf 83' lang='lat' dir='ltr'><em>Sitque</em></span> <span class='ocrx_word' id='word_1_198' title='bbox 810 2316 924 2343; x_wconf 88' lang='lat' dir='ltr'><em>unus</em></span> <span class='ocrx_word' id='word_1_199' title='bbox 943 2303 1077 2344; x_wconf 84' lang='lat' dir='ltr'><em>Verbi</em></span> <span class='ocrx_word' id='word_1_200' title='bbox 1097 2303 1282 2355; x_wconf 86' lang='lat' dir='ltr'><em>Spiritus</em></span> <span class='ocrx_word' id='word_1_201' title='bbox 1301 2306 1429 2356; x_wconf 88' lang='lat' dir='ltr'><em>atque</em></span> <span class='ocrx_word' id='word_1_202' title='bbox 1448 2304 1589 2345; x_wconf 84' lang='lat' dir='ltr'><em>Patris</em></span> <span class='ocrx_word' id='word_1_203' title='bbox 1607 2320 1615 2344; x_wconf 89' lang='lat'>:</span> 
     </span>
     <span class='ocr_line' id='line_1_27' title="bbox 586 2358 1707 2410; baseline 0 -11"><span class='ocrx_word' id='word_1_204' title='bbox 586 2358 654 2399; x_wconf 83' lang='lat' dir='ltr'><em>Sic</em></span> <span class='ocrx_word' id='word_1_205' title='bbox 674 2359 725 2399; x_wconf 90' lang='lat' dir='ltr'><em>de</em></span> <span class='ocrx_word' id='word_1_206' title='bbox 746 2358 943 2399; x_wconf 88' lang='lat' dir='ltr'><em>Personis</em></span> <span class='ocrx_word' id='word_1_207' title='bbox 962 2358 1100 2399; x_wconf 86' lang='lat' dir='ltr'><em>tribus</em></span> <span class='ocrx_word' id='word_1_208' title='bbox 1121 2362 1183 2399; x_wconf 86' lang='lat' dir='ltr'><em>est</em></span> <span class='ocrx_word' id='word_1_209' title='bbox 1203 2359 1282 2399; x_wconf 88' lang='lat' dir='ltr'><em>tibi</em></span> <span class='ocrx_word' id='word_1_210' title='bbox 1303 2372 1388 2399; x_wconf 89' lang='lat' dir='ltr'><em>non</em></span> <span class='ocrx_word' id='word_1_211' title='bbox 1409 2359 1707 2410; x_wconf 87' lang='lat' dir='ltr'><em>dubitandum,</em></span> 
     </span>
     <span class='ocr_line' id='line_1_28' title="bbox 642 2414 1526 2455; baseline 0 -1"><span class='ocrx_word' id='word_1_212' title='bbox 642 2414 794 2455; x_wconf 88' lang='lat' dir='ltr'><em>Unum</em></span> <span class='ocrx_word' id='word_1_213' title='bbox 814 2416 865 2454; x_wconf 87' lang='lat' dir='ltr'><em>ut</em></span> <span class='ocrx_word' id='word_1_214' title='bbox 883 2416 974 2454; x_wconf 83' lang='lat' dir='ltr'><em>tota</em></span> <span class='ocrx_word' id='word_1_215' title='bbox 993 2414 1074 2455; x_wconf 90' lang='lat' dir='ltr'><em>fide</em></span> <span class='ocrx_word' id='word_1_216' title='bbox 1093 2415 1320 2455; x_wconf 80' lang='lat' dir='ltr'><em>confiteare</em></span> <span class='ocrx_word' id='word_1_217' title='bbox 1340 2414 1526 2455; x_wconf 90' lang='lat' dir='ltr'><em>Deum.&#39;&#39;</em></span> 
     </span>
    </p>
   </div>
   <div class='ocr_carea' id='block_1_4' title="bbox 1095 2518 1349 2570">
    <p class='ocr_par' dir='ltr' id='par_1_7' title="bbox 1095 2518 1349 2570">
     <span class='ocr_line' id='line_1_29' title="bbox 1095 2518 1349 2570; baseline 0.004 -1"><span class='ocrx_word' id='word_1_218' title='bbox 1095 2519 1167 2570; x_wconf 86' lang='lat' dir='ltr'><em>Et</em></span> <span class='ocrx_word' id='word_1_219' title='bbox 1192 2518 1349 2570; x_wconf 84' lang='lat' dir='ltr'><em>infra.</em></span> 
     </span>
    </p>
   </div>
   <div class='ocr_carea' id='block_1_5' title="bbox 548 2631 1816 2849">
    <p class='ocr_par' dir='ltr' id='par_1_8' title="bbox 548 2631 1816 2849">
     <span class='ocr_line' id='line_1_30' title="bbox 548 2631 1816 2684; baseline 0.001 -12"><span class='ocrx_word' id='word_1_220' title='bbox 548 2633 573 2652; x_wconf 86' lang='lat'><strong>“</strong></span> <span class='ocrx_word' id='word_1_221' title='bbox 586 2631 723 2673; x_wconf 83' lang='lat' dir='ltr'><em>Corde</em></span> <span class='ocrx_word' id='word_1_222' title='bbox 741 2631 883 2672; x_wconf 87' lang='lat' dir='ltr'><em>Patris</em></span> <span class='ocrx_word' id='word_1_223' title='bbox 903 2631 1099 2684; x_wconf 86' lang='lat' dir='ltr'><em>genitum</em></span> <span class='ocrx_word' id='word_1_224' title='bbox 1118 2633 1233 2673; x_wconf 84' lang='lat' dir='ltr'><em>creat</em></span> <span class='ocrx_word' id='word_1_225' title='bbox 1254 2634 1297 2672; x_wconf 85' lang='lat' dir='ltr'><em>et</em></span> <span class='ocrx_word' id='word_1_226' title='bbox 1316 2631 1428 2683; x_wconf 82' lang='lat' dir='ltr'><em>regit</em></span> <span class='ocrx_word' id='word_1_227' title='bbox 1447 2632 1590 2672; x_wconf 87' lang='lat' dir='ltr'><em>omnia</em></span> <span class='ocrx_word' id='word_1_228' title='bbox 1609 2632 1816 2681; x_wconf 85' lang='lat' dir='ltr'><em>Verbum,</em></span> 
     </span>
     <span class='ocr_line' id='line_1_31' title="bbox 642 2686 1708 2740; baseline 0.001 -14"><span class='ocrx_word' id='word_1_229' title='bbox 642 2686 736 2727; x_wconf 88' lang='lat' dir='ltr'><em>Neo</em></span> <span class='ocrx_word' id='word_1_230' title='bbox 756 2689 900 2727; x_wconf 81' lang='lat' dir='ltr'><em>tamen</em></span> <span class='ocrx_word' id='word_1_231' title='bbox 921 2690 984 2727; x_wconf 90' lang='lat' dir='ltr'><em>est</em></span> <span class='ocrx_word' id='word_1_232' title='bbox 1003 2687 1164 2739; x_wconf 84' lang='lat' dir='ltr'><em>aliquid</em></span> <span class='ocrx_word' id='word_1_233' title='bbox 1184 2687 1297 2739; x_wconf 90' lang='lat' dir='ltr'><em>quod</em></span> <span class='ocrx_word' id='word_1_234' title='bbox 1318 2687 1407 2728; x_wconf 89' lang='lat' dir='ltr'><em>sine</em></span> <span class='ocrx_word' id='word_1_235' title='bbox 1427 2687 1556 2728; x_wconf 87' lang='lat' dir='ltr'><em>Patre</em></span> <span class='ocrx_word' id='word_1_236' title='bbox 1576 2690 1708 2740; x_wconf 83' lang='lat' dir='ltr'><em>gerat.</em></span> 
     </span>
     <span class='ocr_line' id='line_1_32' title="bbox 585 2741 1742 2793; baseline 0.002 -12"><span class='ocrx_word' id='word_1_237' title='bbox 585 2741 714 2781; x_wconf 91' lang='lat' dir='ltr'><em>Unus</em></span> <span class='ocrx_word' id='word_1_238' title='bbox 733 2742 848 2782; x_wconf 89' lang='lat' dir='ltr'><em>enim</em></span> <span class='ocrx_word' id='word_1_239' title='bbox 867 2742 1091 2782; x_wconf 83' lang='lat' dir='ltr'><em>amborum</em></span> <span class='ocrx_word' id='word_1_240' title='bbox 1110 2744 1266 2792; x_wconf 88' lang='lat' dir='ltr'><em>motus,</em></span> <span class='ocrx_word' id='word_1_241' title='bbox 1286 2743 1394 2783; x_wconf 83' lang='lat' dir='ltr'><em>ratio</em></span> <span class='ocrx_word' id='word_1_242' title='bbox 1414 2755 1514 2789; x_wconf 85' lang='lat' dir='ltr'><em>una,</em></span> <span class='ocrx_word' id='word_1_243' title='bbox 1533 2746 1742 2793; x_wconf 74' lang='lat' dir='ltr'><em>voluntas,</em></span> 
     </span>
     <span class='ocr_line' id='line_1_33' title="bbox 642 2796 1553 2849; baseline 0 -12"><span class='ocrx_word' id='word_1_244' title='bbox 642 2796 727 2837; x_wconf 84' lang='lat' dir='ltr'><em>Par</em></span> <span class='ocrx_word' id='word_1_245' title='bbox 746 2797 898 2845; x_wconf 85' lang='lat' dir='ltr'><em>virtus,</em></span> <span class='ocrx_word' id='word_1_246' title='bbox 917 2797 1030 2838; x_wconf 90' lang='lat' dir='ltr'><em>idem</em></span> <span class='ocrx_word' id='word_1_247' title='bbox 1051 2797 1239 2849; x_wconf 84' lang='lat' dir='ltr'><em>spiritus,</em></span> <span class='ocrx_word' id='word_1_248' title='bbox 1258 2810 1372 2837; x_wconf 88' lang='lat' dir='ltr'><em>unus</em></span> <span class='ocrx_word' id='word_1_249' title='bbox 1393 2799 1553 2838; x_wconf 80' lang='lat' dir='ltr'><em>amor.&#39;&#39;</em></span> 
     </span>
    </p>
   </div>
   <div class='ocr_carea' id='block_1_6' title="bbox 1090 2908 1355 2975">
    <p class='ocr_par' dir='ltr' id='par_1_9' title="bbox 1090 2908 1355 2975">
     <span class='ocr_line' id='line_1_34' title="bbox 1090 2908 1355 2975; baseline -0.004 -17"><span class='ocrx_word' id='word_1_250' title='bbox 1090 2908 1163 2958; x_wconf 90' lang='lat' dir='ltr'><em>Et</em></span> <span class='ocrx_word' id='word_1_251' title='bbox 1183 2908 1355 2975; x_wconf 84' lang='lat' dir='ltr'><em>juxta.</em></span> 
     </span>
    </p>
   </div>
   <div class='ocr_carea' id='block_1_7' title="bbox 550 3019 1930 3239">
    <p class='ocr_par' dir='ltr' id='par_1_10' title="bbox 550 3019 1930 3239">
     <span class='ocr_line' id='line_1_35' title="bbox 550 3019 1759 3072; baseline 0.001 -11"><span class='ocrx_word' id='word_1_252' title='bbox 550 3024 574 3043; x_wconf 84' lang='lat'><em>‘⁴</em></span> <span class='ocrx_word' id='word_1_253' title='bbox 590 3019 658 3061; x_wconf 82' lang='lat' dir='ltr'><em>Sic</em></span> <span class='ocrx_word' id='word_1_254' title='bbox 678 3033 858 3072; x_wconf 82' lang='lat' dir='ltr'><em>magnus</em></span> <span class='ocrx_word' id='word_1_255' title='bbox 877 3019 995 3061; x_wconf 89' lang='lat' dir='ltr'><em>Deus</em></span> <span class='ocrx_word' id='word_1_256' title='bbox 1015 3022 1078 3061; x_wconf 86' lang='lat' dir='ltr'><em>est</em></span> <span class='ocrx_word' id='word_1_257' title='bbox 1099 3020 1149 3061; x_wconf 91' lang='lat' dir='ltr'><em>de</em></span> <span class='ocrx_word' id='word_1_258' title='bbox 1170 3020 1235 3067; x_wconf 91' lang='lat' dir='ltr'><em>Se,</em></span> <span class='ocrx_word' id='word_1_259' title='bbox 1250 3021 1376 3068; x_wconf 84' lang='lat' dir='ltr'><em>valet,</em></span> <span class='ocrx_word' id='word_1_260' title='bbox 1398 3023 1441 3062; x_wconf 92' lang='lat' dir='ltr'><em>et</em></span> <span class='ocrx_word' id='word_1_261' title='bbox 1460 3023 1605 3062; x_wconf 86' lang='lat' dir='ltr'><em>manet</em></span> <span class='ocrx_word' id='word_1_262' title='bbox 1625 3021 1670 3061; x_wconf 89' lang='lat' dir='ltr'><em>in</em></span> <span class='ocrx_word' id='word_1_263' title='bbox 1692 3021 1759 3069; x_wconf 91' lang='lat' dir='ltr'><em>Se,</em></span> 
     </span>
     <span class='ocr_line' id='line_1_36' title="bbox 643 3075 1930 3130; baseline 0 -14"><span class='ocrx_word' id='word_1_264' title='bbox 643 3075 725 3116; x_wconf 87' lang='lat' dir='ltr'><em>Cui</em></span> <span class='ocrx_word' id='word_1_265' title='bbox 744 3089 961 3115; x_wconf 88' lang='lat' dir='ltr'><em>summum</em></span> <span class='ocrx_word' id='word_1_266' title='bbox 982 3079 1025 3116; x_wconf 91' lang='lat' dir='ltr'><em>et</em></span> <span class='ocrx_word' id='word_1_267' title='bbox 1043 3076 1265 3127; x_wconf 84' lang='lat' dir='ltr'><em>proprium</em></span> <span class='ocrx_word' id='word_1_268' title='bbox 1285 3078 1348 3117; x_wconf 90' lang='lat' dir='ltr'><em>est</em></span> <span class='ocrx_word' id='word_1_269' title='bbox 1368 3089 1532 3128; x_wconf 88' lang='lat' dir='ltr'><em>semper</em></span> <span class='ocrx_word' id='word_1_270' title='bbox 1551 3077 1595 3117; x_wconf 92' lang='lat' dir='ltr'><em>id</em></span> <span class='ocrx_word' id='word_1_271' title='bbox 1615 3090 1702 3118; x_wconf 89' lang='lat' dir='ltr'><em>esse</em></span> <span class='ocrx_word' id='word_1_272' title='bbox 1722 3077 1835 3130; x_wconf 89' lang='lat' dir='ltr'><em>quod</em></span> <span class='ocrx_word' id='word_1_273' title='bbox 1855 3079 1930 3118; x_wconf 88' lang='lat' dir='ltr'><em>est.</em></span> 
     </span>
     <span class='ocr_line' id='line_1_37' title="bbox 590 3130 1647 3182; baseline 0.001 -12"><span class='ocrx_word' id='word_1_274' title='bbox 590 3130 792 3182; x_wconf 86' lang='lat' dir='ltr'><em>Splendet</em></span> <span class='ocrx_word' id='word_1_275' title='bbox 811 3130 926 3171; x_wconf 90' lang='lat' dir='ltr'><em>enim</em></span> <span class='ocrx_word' id='word_1_276' title='bbox 945 3143 1096 3171; x_wconf 87' lang='lat' dir='ltr'><em>verum</em></span> <span class='ocrx_word' id='word_1_277' title='bbox 1115 3144 1214 3171; x_wconf 86' lang='lat' dir='ltr'><em>vero</em></span> <span class='ocrx_word' id='word_1_278' title='bbox 1235 3132 1286 3172; x_wconf 86' lang='lat' dir='ltr'><em>de</em></span> <span class='ocrx_word' id='word_1_279' title='bbox 1304 3131 1467 3172; x_wconf 92' lang='lat' dir='ltr'><em>lumine</em></span> <span class='ocrx_word' id='word_1_280' title='bbox 1486 3132 1647 3180; x_wconf 90' lang='lat' dir='ltr'><em>lumen,</em></span> 
     </span>
     <span class='ocr_line' id='line_1_38' title="bbox 644 3185 1632 3239; baseline 0.003 -14"><span class='ocrx_word' id='word_1_281' title='bbox 644 3185 708 3226; x_wconf 87' lang='lat' dir='ltr'><em>Ut</em></span> <span class='ocrx_word' id='word_1_282' title='bbox 727 3185 923 3238; x_wconf 87' lang='lat' dir='ltr'><em>genitum</em></span> <span class='ocrx_word' id='word_1_283' title='bbox 942 3199 1170 3238; x_wconf 81' lang='lat' dir='ltr'><em>agnoscens</em></span> <span class='ocrx_word' id='word_1_284' title='bbox 1190 3187 1357 3227; x_wconf 86' lang='lat' dir='ltr'><em>noverit</em></span> <span class='ocrx_word' id='word_1_285' title='bbox 1375 3187 1632 3239; x_wconf 84' lang='lat' dir='ltr'><em>ingenitum.</em></span> 
     </span>
    </p>
   </div>
   <div class='ocr_carea' id='block_1_8' title="bbox 550 3281 1879 3501">
    <p class='ocr_par' dir='ltr' id='par_1_11' title="bbox 550 3281 1879 3501">
     <span class='ocr_line' id='line_1_39' title="bbox 550 3281 1612 3334; baseline 0.002 -12"><span class='ocrx_word' id='word_1_286' title='bbox 550 3281 690 3322; x_wconf 83' lang='lat' dir='ltr'><em>“Una</em></span> <span class='ocrx_word' id='word_1_287' title='bbox 707 3281 843 3322; x_wconf 88' lang='lat' dir='ltr'><em>trium</em></span> <span class='ocrx_word' id='word_1_288' title='bbox 861 3281 1021 3332; x_wconf 80' lang='lat' dir='ltr'><em>Deitas,</em></span> <span class='ocrx_word' id='word_1_289' title='bbox 1042 3295 1129 3322; x_wconf 80' lang='lat' dir='ltr'><em>una</em></span> <span class='ocrx_word' id='word_1_290' title='bbox 1148 3284 1211 3323; x_wconf 86' lang='lat' dir='ltr'><em>est</em></span> <span class='ocrx_word' id='word_1_291' title='bbox 1231 3283 1410 3324; x_wconf 79' lang='lat' dir='ltr'><em>essentia</em></span> <span class='ocrx_word' id='word_1_292' title='bbox 1429 3284 1480 3324; x_wconf 87' lang='lat' dir='ltr'><em>ab</em></span> <span class='ocrx_word' id='word_1_293' title='bbox 1500 3297 1612 3334; x_wconf 74' lang='lat' dir='ltr'><em>uno,</em></span> 
     </span>
     <span class='ocr_line' id='line_1_40' title="bbox 642 3337 1645 3391; baseline 0.001 -14"><span class='ocrx_word' id='word_1_294' title='bbox 642 3337 766 3377; x_wconf 89' lang='lat' dir='ltr'><em>Idem</em></span> <span class='ocrx_word' id='word_1_295' title='bbox 785 3340 848 3377; x_wconf 86' lang='lat' dir='ltr'><em>est</em></span> <span class='ocrx_word' id='word_1_296' title='bbox 867 3350 966 3377; x_wconf 84' lang='lat' dir='ltr'><em>oum</em></span> <span class='ocrx_word' id='word_1_297' title='bbox 986 3337 1120 3378; x_wconf 87' lang='lat' dir='ltr'><em>Verbi</em></span> <span class='ocrx_word' id='word_1_298' title='bbox 1140 3338 1325 3389; x_wconf 84' lang='lat' dir='ltr'><em>Spiritus</em></span> <span class='ocrx_word' id='word_1_299' title='bbox 1345 3341 1472 3391; x_wconf 87' lang='lat' dir='ltr'><em>atque</em></span> <span class='ocrx_word' id='word_1_300' title='bbox 1492 3339 1645 3379; x_wconf 86' lang='lat' dir='ltr'><em>Patris.</em></span> 
     </span>
     <span class='ocr_line' id='line_1_41' title="bbox 587 3392 1879 3447; baseline 0.002 -15"><span class='ocrx_word' id='word_1_301' title='bbox 587 3392 773 3433; x_wconf 90' lang='lat' dir='ltr'><em>Nullum</em></span> <span class='ocrx_word' id='word_1_302' title='bbox 793 3405 898 3444; x_wconf 90' lang='lat' dir='ltr'><em>opus</em></span> <span class='ocrx_word' id='word_1_303' title='bbox 918 3392 1182 3444; x_wconf 81' lang='lat' dir='ltr'><em>abjunctum,</em></span> <span class='ocrx_word' id='word_1_304' title='bbox 1202 3394 1322 3433; x_wconf 88' lang='lat' dir='ltr'><em>nulla</em></span> <span class='ocrx_word' id='word_1_305' title='bbox 1341 3397 1404 3434; x_wconf 91' lang='lat' dir='ltr'><em>est</em></span> <span class='ocrx_word' id='word_1_306' title='bbox 1423 3407 1510 3434; x_wconf 88' lang='lat' dir='ltr'><em>non</em></span> <span class='ocrx_word' id='word_1_307' title='bbox 1530 3408 1651 3447; x_wconf 81' lang='lat' dir='ltr'><em>aequa</em></span> <span class='ocrx_word' id='word_1_308' title='bbox 1668 3396 1853 3447; x_wconf 85' lang='lat' dir='ltr'><em>potestas</em></span> <span class='ocrx_word' id='word_1_309' title='bbox 1871 3411 1879 3435; x_wconf 93' lang='lat'>:</span> 
     </span>
     <span class='ocr_line' id='line_1_42' title="bbox 642 3447 1584 3501; baseline 0.001 -14"><span class='ocrx_word' id='word_1_310' title='bbox 642 3447 699 3487; x_wconf 89' lang='lat' dir='ltr'><em>In</em></span> <span class='ocrx_word' id='word_1_311' title='bbox 718 3448 883 3488; x_wconf 85' lang='lat' dir='ltr'><em>eunetis</em></span> <span class='ocrx_word' id='word_1_312' title='bbox 904 3460 1041 3488; x_wconf 89' lang='lat' dir='ltr'><em>unum</em></span> <span class='ocrx_word' id='word_1_313' title='bbox 1061 3451 1162 3488; x_wconf 86' lang='lat' dir='ltr'><em>sunt</em></span> <span class='ocrx_word' id='word_1_314' title='bbox 1181 3448 1264 3489; x_wconf 82' lang='lat' dir='ltr'><em>tria</em></span> <span class='ocrx_word' id='word_1_315' title='bbox 1282 3449 1584 3501; x_wconf 82' lang='lat' dir='ltr'><em>prinoipium.”</em></span> 
     </span>
    </p>
   </div>
   <div class='ocr_carea' id='block_1_9' title="bbox 253 3565 2185 3772">
    <p class='ocr_par' dir='ltr' id='par_1_12' title="bbox 253 3565 2185 3730">
     <span class='ocr_line' id='line_1_43' title="bbox 337 3565 2185 3618; baseline 0.001 -11"><span class='ocrx_word' id='word_1_316' title='bbox 337 3575 352 3592; x_wconf 69' lang='lat'><em>¹</em></span> <span class='ocrx_word' id='word_1_317' title='bbox 383 3567 459 3607; x_wconf 92' lang='lat' dir='ltr'><em>See</em></span> <span class='ocrx_word' id='word_1_318' title='bbox 478 3566 608 3614; x_wconf 86' lang='lat' dir='ltr'><em>Beda,</em></span> <span class='ocrx_word' id='word_1_319' title='bbox 630 3565 699 3613; x_wconf 73' lang='lat' dir='ltr'><em>iv.y</em></span> <span class='ocrx_word' id='word_1_320' title='bbox 720 3565 760 3608; x_wconf 90' lang='grc'><em>’7.</em></span> <span class='ocrx_word' id='word_1_321' title='bbox 819 3565 1047 3605; x_wconf 87' lang='lat' dir='ltr'><em>Eanbald’s</em></span> <span class='ocrx_word' id='word_1_322' title='bbox 1067 3566 1201 3618; x_wconf 87' lang='lat' dir='ltr'><em>synod</em></span> <span class='ocrx_word' id='word_1_323' title='bbox 1221 3567 1450 3607; x_wconf 87' lang='lat' dir='ltr'><em>reasserted</em></span> <span class='ocrx_word' id='word_1_324' title='bbox 1481 3567 1565 3607; x_wconf 88' lang='lat' dir='ltr'><em>and</em></span> <span class='ocrx_word' id='word_1_325' title='bbox 1594 3568 1823 3608; x_wconf 83' lang='lat' dir='ltr'><em>confirmed</em></span> <span class='ocrx_word' id='word_1_326' title='bbox 1839 3568 1913 3609; x_wconf 88' lang='lat' dir='ltr'><em>the</em></span> <span class='ocrx_word' id='word_1_327' title='bbox 1933 3568 2185 3609; x_wconf 73' lang='lat' dir='ltr'><em>resolutioris</em></span> 
     </span>
     <span class='ocr_line' id='line_1_44' title="bbox 253 3620 2185 3674; baseline 0.001 -12"><span class='ocrx_word' id='word_1_328' title='bbox 253 3622 299 3662; x_wconf 88' lang='lat' dir='ltr'><em>of</em></span> <span class='ocrx_word' id='word_1_329' title='bbox 314 3623 388 3662; x_wconf 86' lang='lat' dir='ltr'><em>the</em></span> <span class='ocrx_word' id='word_1_330' title='bbox 408 3622 543 3674; x_wconf 81' lang='lat' dir='ltr'><em>synod</em></span> <span class='ocrx_word' id='word_1_331' title='bbox 561 3624 605 3661; x_wconf 86' lang='lat' dir='ltr'><em>at</em></span> <span class='ocrx_word' id='word_1_332' title='bbox 624 3620 815 3661; x_wconf 85' lang='lat' dir='ltr'><em>Hatfield</em></span> <span class='ocrx_word' id='word_1_333' title='bbox 834 3621 971 3661; x_wconf 89' lang='lat' dir='ltr'><em>under</em></span> <span class='ocrx_word' id='word_1_334' title='bbox 990 3621 1064 3661; x_wconf 89' lang='lat' dir='ltr'><em>the</em></span> <span class='ocrx_word' id='word_1_335' title='bbox 1085 3621 1331 3674; x_wconf 84' lang='lat' dir='ltr'><em>presidenoy</em></span> <span class='ocrx_word' id='word_1_336' title='bbox 1347 3623 1393 3661; x_wconf 87' lang='lat' dir='ltr'><em>of</em></span> <span class='ocrx_word' id='word_1_337' title='bbox 1408 3623 1658 3674; x_wconf 76' lang='lat' dir='ltr'><em>arehbishop</em></span> <span class='ocrx_word' id='word_1_338' title='bbox 1681 3624 1899 3665; x_wconf 80' lang='lat' dir='ltr'><em>Theodore</em></span> <span class='ocrx_word' id='word_1_339' title='bbox 1919 3623 1964 3663; x_wconf 90' lang='lat' dir='ltr'><em>in</em></span> <span class='ocrx_word' id='word_1_340' title='bbox 1984 3635 2073 3665; x_wconf 56' lang='grc' dir='ltr'><em>ΑΛ).</em></span> <span class='ocrx_word' id='word_1_341' title='bbox 2090 3627 2185 3665; x_wconf 88' lang='grc'><strong>680.</strong></span> 
     </span>
     <span class='ocr_line' id='line_1_45' title="bbox 255 3676 1638 3730; baseline 0 -13"><span class='ocrx_word' id='word_1_342' title='bbox 255 3678 357 3718; x_wconf 77' lang='lat' dir='ltr'><em>This</em></span> <span class='ocrx_word' id='word_1_343' title='bbox 376 3677 598 3729; x_wconf 84' lang='lat' dir='ltr'><em>quotation</em></span> <span class='ocrx_word' id='word_1_344' title='bbox 618 3676 752 3717; x_wconf 85' lang='lat' dir='ltr'><em>varies</em></span> <span class='ocrx_word' id='word_1_345' title='bbox 772 3676 1001 3716; x_wconf 85' lang='lat' dir='ltr'><em>somevvhat</em></span> <span class='ocrx_word' id='word_1_346' title='bbox 1020 3676 1129 3716; x_wconf 86' lang='lat' dir='ltr'><em>from</em></span> <span class='ocrx_word' id='word_1_347' title='bbox 1150 3677 1223 3717; x_wconf 86' lang='lat' dir='ltr'><em>the</em></span> <span class='ocrx_word' id='word_1_348' title='bbox 1244 3678 1423 3730; x_wconf 82' lang='lat' dir='ltr'><em>original</em></span> <span class='ocrx_word' id='word_1_349' title='bbox 1444 3677 1488 3716; x_wconf 87' lang='lat' dir='ltr'><em>in</em></span> <span class='ocrx_word' id='word_1_350' title='bbox 1510 3678 1638 3717; x_wconf 81' lang='lat' dir='ltr'><em>Beda.</em></span> 
     </span>
    </p>

    <p class='ocr_par' dir='ltr' id='par_1_13' title="bbox 338 3731 943 3772">
     <span class='ocr_line' id='line_1_46' title="bbox 338 3731 943 3772; baseline 0 0"><span class='ocrx_word' id='word_1_351' title='bbox 338 3740 354 3756; x_wconf 76' lang='lat'><em>‘²</em></span> <span class='ocrx_word' id='word_1_352' title='bbox 394 3735 467 3772; x_wconf 83' lang='lat' dir='ltr'><em>Vel</em></span> <span class='ocrx_word' id='word_1_353' title='bbox 485 3734 683 3772; x_wconf 81' lang='lat' dir='ltr'><em>scribitur</em></span> <span class='ocrx_word' id='word_1_354' title='bbox 702 3731 943 3772; x_wconf 75' lang='lat' dir='ltr'><em>interlined.</em></span> 
     </span>
    </p>
   </div>
  </div>
 </body>
</html>
