2384 4126
839 386 1026 420 SANCTI
1068 386 1398 420 cuTHBERTI.
1966 376 2066 425 165

1053 556 1163 607 III.

154 671 411 729 Quomodo
432 688 679 737 payanus
710 671 939 736 quidam,
960 671 1207 722 vocabulo
1242 671 1578 737 Onalafbald,
1608 677 1791 723 contra
1818 673 1920 723 Dei
1946 689 2064 723 oon-

277 742 535 808 fessorem
576 743 801 809 injurias
828 742 1065 805 dioeisset,
1107 743 1163 793 in
1197 744 1434 810 inyressu
1469 744 1695 795 ecclesiae
1727 744 1960 810 confloeus
1986 745 2064 795 in-

292 813 534 866 terierit.'²

254 949 529 1000 Ordinatis
557 948 746 999 deinde
773 948 1038 1010 omnibuS,
1068 955 1228 1016 atque
1256 949 1522 1012 decenter,
1563 956 1750 1017 utpote
1787 951 1852 1001 ad
1884 951 2064 1002 sedem

147 1021 514 1088 episcopalem,
544 1021 868 1087 compositiS,
900 1021 1134 1087 regulari
1161 1038 1370 1088 quoque
1397 1021 1496 1072 sub
1523 1022 1802 1089 disciplina
1829 1023 2064 1090 qui'Deo

149 1110 326 1143 coram
359 1093 681 1143 sanctissimi
716 1092 1033 1144 confessoris
1071 1093 1167 1143 Sui
1200 1110 1416 1161 corpore
1445 1094 1650 1161 jugiter
1681 1095 1940 1146 servirent
1965 1095 2063 1146 ibi-

146 1164 266 1215 dem
295 1165 618 1228 constitutis,
641 1164 912 1232 episcopus
935 1165 1024 1216 ille
1046 1183 1204 1231 supra
1224 1172 1551 1216 memoratus
1571 1166 1861 1217 Eardulfus
1882 1185 2061 1218 senec-

145 1242 262 1288 tute
286 1237 428 1287 bona
446 1237 689 1287 laborum
709 1237 929 1303 praemia
954 1254 1174 1287 suorum
1195 1244 1506 1304 recepturus
1528 1238 1593 1289 ab
1614 1238 1713 1288 hac
1734 1239 1844 1289 vita
1863 1239 2061 1306 migra-

145 1309 237 1359 vit.
302 1309 421 1359 Nec
447 1309 617 1359 multo
642 1315 763 1375 post
788 1309 953 1375 ipsius
974 1326 1245 1359 excessum
1268 1315 1455 1360 exacto
1475 1316 1732 1377 tempore,
1756 1311 2063 1362 Cuthardus

147 1387 200 1431 et
237 1381 367 1447 ipse,
409 1398 586 1431 coram
612 1381 727 1431 Deo
764 1388 816 1431 et
852 1380 1158 1431 hominibus
1184 1381 1293 1432 vita
1326 1382 1589 1448 probabili
1625 1383 2028 1433 commendatus
2046 1404 2060 1445 3

145 1453 383 1503 omnium
426 1453 685 1503 electione
724 1453 1030 1503 cathedram
1072 1452 1424 1520 episcopalem
1467 1454 1581 1521 ejus
1621 1454 1738 1504 1000
1773 1455 2064 1521 regendam

146 1525 392 1591 suscepit.
460 1524 636 1577 Quam
658 1524 890 1591 quidem,
915 1525 1153 1591 quamvis
1171 1525 1431 1576 laboriose
1457 1526 1601 1591 (nam
1622 1526 1819 1576 multas
1843 1545 1980 1593 saepe
2003 1545 2062 1577 ac

145 1615 329 1662 graves
346 1596 694 1647 barbarorum
712 1596 968 1646 sustinuit
989 1597 1323 1662 pervasiones
1343 1603 1395 1647 et
1411 1597 1654 1664 injurias)
1681 1604 1864 1648 sancto
1881 1604 2064 1649 tamen

144 1668 443 1719 Cuthberto
479 1686 532 1718 se
568 1668 869 1734 specialiter
902 1667 1205 1719 vindicante
1247 1675 1406 1735 atque
1448 1668 1719 1720 evidenter
1759 1669 2062 1736 adjuvante,

143 1740 398 1790 doctrinis
427 1745 479 1790 et
506 1740 756 1806 exemplis
786 1745 999 1790 strenue
1020 1739 1302 1790 decoravit.
1381 1740 1558 1806 Ipsius
1591 1759 1820 1808 namque
1857 1747 2062 1808 tempo-

143 1811 291 1861 ribus
334 1829 427 1861 rex
477 1811 693 1878 quidam
738 1829 993 1877 paganus,
1029 1811 1247 1862 nomine
1283 1811 1681 1878 Reginwaldus,
1724 1813 1897 1863 multa
1938 1830 2062 1863 cum

144 1883 309 1934 classe
335 1883 442 1933 illis
467 1882 524 1932 in
550 1883 791 1949 partibus
810 1883 1092 1950 improvise
1121 1883 1393 1950 applicuit,
1415 1884 1796 1952 universosque
1817 1885 2063 1936 meliores

141 1955 225 2005 vel
249 1955 307 2005 in
333 1955 473 2006 bello
508 1955 713 2016 stravit,
743 1955 825 2006 vel
858 1961 1008 2006 extra
1041 1955 1271 2022 patriam
1301 1956 1523 2022 fugavit.
1603 1957 1898 2023 Occupavit
1931 1975 2059 2023 quo-

142 2044 244 2093 que
270 2033 441 2077 totam
466 2045 589 2077 mox
616 2033 812 2077 terram
842 2027 1024 2077 Sancti
1051 2027 1355 2090 Cuthberti,
1384 2028 1639 2095 villasque
1664 2029 1829 2096 ipsius
1856 2029 2063 2079 duobus

142 2099 251 2150 suis
279 2099 539 2149 militibus
571 2099 637 2149 ad
669 2099 921 2150 saeculum
957 2099 1267 2166 potentibus
1302 2117 1453 2167 aequa
1483 2100 1742 2152 divisione
1769 2101 2060 2163 distribuit,

143 2189 368 2238 quorum
399 2189 538 2221 unus
573 2171 734 2221 Scula
759 2171 1051 2238 vulgariter
1076 2171 1380 2233 vocabatur,
1422 2172 1558 2222 alter
1583 2190 1724 2234 vero,
1765 2173 2060 2223 secundum

142 2261 250 2293 suae
279 2243 452 2309 gentis
478 2243 877 2309 proprietatem,
907 2242 1236 2294 Onalafbald
1268 2243 1651 2309 appellabatur.
1728 2244 1906 2294 Ambo
1942 2262 2059 2294 cru-

144 2315 285 2365 deles
305 2321 357 2365 et
375 2314 602 2375 barbari,
619 2314 774 2365 ambo
792 2314 1178 2365 daemoniorum
1196 2314 1428 2365 cultibus
1447 2315 1750 2383 mancipati,
1763 2315 2062 2366 amboverae

141 2386 413 2453 religionis
442 2392 495 2437 et
522 2386 746 2452 propriae
773 2386 961 2436 salutis
988 2386 1178 2452 ignari,
1221 2387 1528 2453 temporalis
1569 2387 1824 2454 potentiae
1863 2405 2062 2438 nomen

143 2458 481 2520 affectabant,
510 2464 668 2524 atque
704 2457 770 2508 ad
795 2457 1208 2508 interminabilis
1234 2458 1461 2509 miseriae
1494 2459 1730 2510 lamenta
1770 2459 2061 2526 aeternique

144 2530 409 2581 cruciatus
438 2535 707 2580 tormenta
732 2547 870 2580 caeco
898 2529 1054 2580 corde
1074 2529 1418 2580 festinabant.
1483 2531 1700 2581 Talibus
1727 2531 1870 2581 enim
1898 2532 2062 2581 Sacra

143 2601 500 2653 comminatur
518 2601 793 2668 Scriptura
810 2601 1034 2663 dicens,‘
1041 2603 1311 2652 ‘Potentes
1321 2608 1561 2667 potenter
1578 2609 1834 2654 tormenta
1843 2604 2061 2668 patiun-

145 2672 303 2725 tur.''²'
358 2673 434 2723 Hi
452 2673 707 2739 quamvis,
726 2680 786 2723 ut
804 2673 1050 2735 diximus,
1073 2673 1229 2724 ambo
1249 2673 1476 2724 fuissent
1497 2674 1708 2726 barbari
1727 2681 1780 2725 et
1801 2675 2059 2738 crudeles,

142 2746 233 2796 ille
259 2752 458 2807 tamen,
487 2763 645 2811 quem
671 2745 1019 2812 posteriorem
1045 2745 1456 2808 nominavimus,
1495 2746 1867 2797 immaniorem
1888 2747 2060 2797 multo

145 2823 303 2884 atque
330 2817 697 2879 crudeliorem,
721 2834 781 2867 ac
800 2835 1014 2884 prorsus
1036 2817 1409 2879 inhumanum,
1431 2818 1497 2868 ad
1517 2836 1669 2869 suam
1695 2818 1984 2885 perniciem
2006 2836 2060 2869 se

143 2889 390 2940 omnibus
441 2888 738 2939 exhibebat.
849 2889 977 2939 Non
1027 2906 1296 2939 sacrorum
1347 2890 1595 2940 ordinum
1647 2890 1898 2957 dignitas,
1951 2907 2061 2941 non

142 2961 403 3011 natalium
443 2961 695 3011 nobilitas
726 2960 958 3011 ferinum
994 2961 1108 3028 ejus
1135 2961 1375 3011 animum
1402 2962 1469 3012 ad
1495 2963 1808 3030 cujusquam
1834 2962 2057 3013 inclina-

141 3032 235 3083 bat
254 3033 622 3095 reverentiam,
642 3032 750 3094 sed,
770 3039 1026 3099 tanquam
1043 3032 1385 3083 indomabilis
1400 3034 1596 3097 bellua,
1615 3053 1720 3101 quo
1737 3052 2060 3102 quemquam

144 3104 313 3171 gradu
351 3105 650 3171 digniorem
692 3105 774 3155 vel
816 3122 1008 3171 genere
1049 3105 1349 3155 considerat
1390 3105 1727 3169 nobiliorem,
1770 3124 1832 3157 eo
1875 3112 2061 3156 contra

142 3176 287 3227 hunc
326 3176 561 3227 furorem
599 3176 892 3227 exacuabat
926 3177 1313 3227 immaniorem.
1394 3178 1501 3228 Hic
1538 3179 1665 3229 dum
1699 3178 1886 3228 multis
1922 3195 2059 3244 saepe

143 3247 354 3314 injuriis
416 3248 740 3315 episcopum,
793 3248 1279 3314 congregationem,
1344 3255 1502 3316 atque
1561 3250 1821 3317 populum
1874 3249 2060 3299 Sancti

146 3318 432 3368 Cuthberti
467 3320 793 3381 molestaret,
837 3320 1141 3387 praediaque
1181 3320 1246 3370 ad
1281 3320 1587 3387 episcopum
1617 3322 1739 3388 jure
1775 3320 2061 3371 attinentia

146 3407 253 3439 suae
278 3390 532 3455 potestati
564 3391 909 3456 pertinaciter
938 3398 1236 3458 usurparet,
1280 3392 1558 3460 episcopus
1585 3411 1708 3444 cum
1734 3394 1851 3443 Deo
1876 3391 2060 3441 volens

226 3567 241 3591 Ι·
274 3567 376 3608 This
396 3567 564 3608 miracle
583 3581 728 3609 occurs
747 3568 793 3608 in
811 3569 885 3610 the
906 3570 1099 3611 Historia
1119 3571 1169 3612 de
1189 3571 1342 3613 Sancto
1363 3571 1601 3612 Cuthberto
1616 3572 1700 3612 and
1714 3572 1800 3612 also
1815 3571 1860 3612 in
1877 3571 2060 3624 Symeon

151 3621 284 3674 (Hist.
306 3622 418 3663 Eccl.
438 3623 653 3673 Dunehn„
675 3637 708 3664 c.
731 3624 864 3675 xxxi).

231 3677 238 3700 ¹'
270 3677 378 3728 Sap„
397 3677 466 3726 vi.,
487 3676 524 3719 7.
