2384 4126
854 379 1112 413 HISTORIA
1153 380 1362 414 REGUM.
1996 369 2062 416 65

154 506 257 558 Sed
292 505 428 556 nihil
467 505 541 556 ibi
582 505 879 572 proficiens,
924 505 1085 556 vertit
1123 505 1417 556 exercitum
1458 505 1524 556 ad
1562 506 1951 569 Tameweorde,
1992 515 2062 569 et,

150 578 369 628 vastatis
407 577 653 628 omnibus
689 595 784 643 per
821 577 1121 640 circuitum,
1165 577 1292 627 dum
1330 577 1540 629 rediens
1580 578 1646 628 ad
1684 578 2064 644 Legraceastre

149 649 464 717 perveniret,
504 649 735 699 occurrit
775 648 823 700 ei
856 667 949 700 rex
974 649 1292 699 Edmundus
1327 667 1449 700 cum
1476 649 1726 700 exercitu.
1804 650 1923 699 Nec
1950 656 2064 699 erat

150 739 329 788 pugna
367 720 610 783 difficilis,
652 720 902 787 quoniam
930 720 1035 770 duo
1071 720 1450 788 archiepiscopi
1476 721 1595 772 Odo
1623 727 1676 772 et
1701 722 1917 771 VVlstan
1951 721 2062 787 pla-

148 793 280 843 catis
307 792 625 843 alterutrum
649 792 865 858 regibus
890 810 1124 859 pugnam
1152 792 1482 843 sedaverant.
1546 794 1684 843 Pace
1703 793 1884 859 itaque
1903 792 2062 853 facta,

149 864 410 915 terminus
441 864 719 931 utriusque
745 864 897 930 regni
937 870 1049 914 erat
1083 864 1570 931 Wetlinga-strete.
1648 864 1966 915 Edmundus
1998 863 2065 914 ad

150 936 435 987 australem
462 936 692 1003 plagam,
720 935 890 986 Onlaf
911 935 977 986 ad
1004 935 1360 1002 aquilonalem
1385 954 1613 1003 regnum
1639 942 1968 987 tenuerunt.⁷'

965 1080 1241 1114 DCCCCXLI.

254 1156 415 1206 Anno
442 1155 700 1222 Dcccc.xlj
745 1154 928 1217 Olilaf,
966 1161 1174 1206 vastata
1200 1155 1422 1206 ecclesia
1457 1156 1645 1206 Sancti
1671 1155 1875 1206 Balteri
1902 1161 1955 1206 et
1981 1155 2061 1205 in-

149 1244 308 1278 censa
332 1226 706 1293 Tiningaham,
745 1244 868 1277 mox
902 1227 1075 1293 periit.
1153 1227 1314 1277 Unde
1340 1227 1702 1278 Eboracenses
1730 1227 2062 1277 Lindisfarn-

150 1317 331 1349 ensem
369 1298 600 1348 insulam
639 1298 942 1365 depopulati
978 1305 1121 1361 sunt,
1159 1304 1211 1350 et
1251 1299 1450 1349 multos
1491 1299 1816 1350 occiderunt.
1895 1299 2064 1349 Filius

149 1388 273 1421 vero
302 1370 538 1433 Sihtrici,
567 1371 782 1421 nomine
809 1370 990 1433 Onlaf,
1022 1371 1265 1438 regnavit
1292 1389 1449 1438 super
1468 1370 2013 1439 Northanhymbros.⁸

937 1515 1262 1548 DCCCCXLIII.

254 1591 415 1711 &nno
447 1590 748 1658 Decoc.xliij
779 1589 1140 1640 Northumbri
1180 1608 1363 1657 regem
1398 1609 1553 1641 suum
1593 1591 1763 1642 Onlaf
1795 1592 1860 1643 de
1897 1609 2063 1659 regno

144 1680 276 1729 expu
303 1667 497 1712 erunt.⁸

957 1770 1246 1805 DCCCCXLV.

251 1846 411 1896 Anno
456 1845 733 1896 nocco.xlv
783 1845 1102 1896 Edmundus
1142 1864 1251 1909 rex,
1304 1847 1534 1914 expulsis
1580 1847 1787 1898 duobus
1827 1847 2060 1915 regibuS,

140 1935 368 1985 regnum
395 1917 629 1984 optinuit
654 1917 1298 1985 Northanhymbrorum.t

920 2064 1283 2099 DCCCCXLVIII.

248 2141 409 2191 Anno
448 2139 780 2208 Dcccc.xlviij
824 2139 1143 2191 Edmundus
1181 2159 1273 2191 rex
1310 2141 1515 2192 occisus
1555 2148 1635 2192 est
1674 2148 1727 2193 et
1757 2142 1923 2193 frater
1949 2142 2064 2209 ejus

141 2212 385 2263 Edredus
418 2230 645 2278 regnum
680 2212 929 2278 suscepit,
964 2212 1136 2263 cultor
1161 2213 1387 2280 justitiae
1427 2219 1480 2264 et
1514 2214 1746 2280 pietatis
1824 2214 2062 2280 Moxque

140 2283 592 2335 Northumbriam
630 2283 890 2334 circuiens
927 2289 1098 2333 totam
1136 2284 1415 2350 possedit,²‘
1459 2284 1551 2335 sed
1583 2291 1702 2351 post
1735 2285 1972 2352 juratam
2014 2285 2064 2335 ei

141 2356 457 2406 fidelitatem
500 2354 994 2422 Northymbrenses
1040 2355 1305 2421 quendam
1344 2357 1580 2419 Danum,
1626 2357 1883 2420 Eiricum,
1929 2374 2060 2425 prae-

140 2427 346 2478 faciunt
371 2444 569 2493 regem.

991 2536 1210 2570 DCCCCL.

251 2611 412 2661 Anno
439 2610 645 2661 Dcccc.l
671 2609 947 2661 Eadredus
971 2629 1082 2674 rex,
1115 2617 1322 2662 vastata
1354 2612 1763 2680 Northymbria,
1800 2631 1922 2665 cum
1948 2614 2061 2681 jam

141 2682 357 2744 rediret,
396 2682 888 2749 Northymbrenses
927 2689 1266 2750 erumpentes
1306 2690 1571 2735 extremos
1616 2686 1876 2736 exercitus
1920 2686 2061 2752 regis

141 2759 497 2822 peremerunt.
577 2753 780 2804 Statuit
817 2771 908 2805 rex
946 2754 1168 2806 reducto
1208 2755 1445 2807 exercitu
1482 2756 1809 2823 provinciam
1847 2758 2062 2825 penitus

143 2826 357 2888 delere,²⁷
397 2825 489 2876 sed
523 2825 807 2892 indigenae,
837 2825 1044 2894 abjecto
1080 2845 1239 2894 quem
1265 2827 1656 2879 constituerant
1689 2847 1832 2897 rege,
1861 2829 2061 2881 Eadre-

143 2898 270 2948 dum
298 2897 455 2948 citius
481 2897 792 2949 muneribus
817 2898 1146 2965 placarunt.w

980 3043 1223 3077 Dccccm.

250 3118 411 3167 Anno
438 3116 662 3185 nocco.lj
693 3117 859 3179 Owel,
886 3135 978 3169 rex
1006 3118 1335 3181 Brittonum,
1363 3119 1538 3170 obiitfv

229 3290 244 3307 ⁷
273 3283 409 3337 Many
439 3285 688 3336 particulars
707 3298 779 3326 are
800 3286 901 3327 here
920 3286 1080 3327 related
1114 3287 1252 3328 which
1284 3300 1353 3329 are
1384 3291 1460 3329 not
1489 3289 1534 3329 in
1560 3291 1634 3332 the
1661 3290 1801 3332 Saxon
1820 3291 2058 3332 Chronicle.

145 3337 236 3377 'Phe
268 3338 396 3379 latter
428 3340 648 3392 authority
667 3341 803 3392 places
832 3342 906 3382 the
937 3342 1064 3382 death
1095 3343 1141 3382 of
1165 3342 1392 3384 Athelstan
1423 3355 1512 3385 ΑΛ).
1544 3348 1639 3396 940,
1673 3347 1756 3387 and
1785 3347 1859 3387 the
1883 3347 1993 3398 siege
2021 3347 2067 3386 of

145 3391 387 3433 'Pamworth
407 3394 465 3446 by
483 3394 616 3434 Anlaf
640 3406 729 3436 ΑΛ).
750 3398 844 3437 943.

257 3447 391 3488 These
410 3449 661 3499 particulars
680 3463 750 3490 are
772 3453 847 3490 not
867 3451 976 3492 from
996 3451 1070 3492 the
1090 3450 1231 3492 saxon
1251 3451 1490 3494 Chronicle.

228 3503 242 3532 t
271 3501 409 3542 Saxon
429 3503 665 3553 Chronicle,
694 3516 784 3545 A.D.
801 3509 893 3547 944.
1229 3514 1245 3530 '⁴
1278 3507 1317 3547 S.
1340 3508 1400 3557 O„
1430 3519 1518 3549 A.D.
1540 3511 1634 3550 946.

227 3562 244 3579 1'
275 3556 377 3595 This
398 3558 511 3596 word
529 3557 564 3597 is
583 3558 823 3600 interlined.
1224 3568 1246 3584 ¹⁰
1276 3561 1316 3602 S.
1339 3562 1399 3612 0.,
1428 3574 1518 3604 A.D.
1534 3567 1628 3604 948.

228 3615 248 3632 ⁸
277 3610 439 3661 Higuel
459 3624 531 3651 rex
552 3612 802 3653 Brittonum
823 3614 939 3655 obiit.
961 3626 1049 3656 A.D.
1066 3617 1160 3656 950.
1217 3618 1405 3656 Annales
1437 3620 1782 3658 &umbriae—AD.
1803 3621 1898 3668 948,
1932 3619 2059 3657 Chro-

147 3665 252 3703 niele
271 3667 323 3717 qs*
344 3667 410 3704 the
430 3667 601 3707 Prinees
622 3670 673 3718 <gf
702 3670 850 3709 Wales.
910 3671 1179 3710 Monwmenta
1199 3672 1433 3721 Historiccz,
1461 3685 1529 3722 pp.
1549 3672 1644 3721 837,
1663 3672 1746 3713 81-'7
1750 3705 1757 3712 .

1744 3745 1770 3775 F
