2384 4126
315 378 418 428 124
932 395 1206 428 sYMEoms
1247 395 1639 428 DUNELMENSIS

308 520 499 571 toritas
543 520 689 572 hunc
734 528 1083 573 concesserat.
1161 521 1249 573 Ad
1291 522 1392 572 hoc
1433 521 1719 572 Turstinus
1764 539 1828 571 ex
1870 519 2115 571 consulto
2159 536 2240 570 re-

310 593 542 659 spondit,
583 612 638 645 se
667 593 733 645 ad
760 594 1083 656 Concilium,
1111 594 1236 645 licet
1275 611 1550 646 occurrere
1585 611 1695 645 non
1729 592 1983 660 potuerit,
2011 592 2244 642 Romam

308 672 604 729 evocatum,
645 684 744 717 nec
772 673 902 717 tunc
930 673 1288 733 congruenter
1327 684 1481 733 posse
1516 666 1836 733 respondere
1869 664 1935 716 ad
1963 663 2104 731 quod
2130 680 2242 713 non

307 736 485 787 fuerat
512 739 903 801 summonitus,
932 739 1229 805 praesertim
1257 757 1379 789 cum
1399 738 1754 789 Eboracensis
1782 737 2016 788 ecclesiae
2041 735 2244 786 ibidem

307 809 585 876 privilegia
612 828 794 861 secum
820 828 929 861 non
955 811 1196 872 haberet,
1239 811 1353 862 sine
1387 810 1580 877 quibus
1606 810 1744 860 ratio
1771 827 1880 860 non
1906 808 2243 875 permitteret

310 880 643 948 disceptandi
667 883 793 934 inde
814 883 1080 949 suscipere
1100 883 1394 949 negotium.
1475 883 1814 949 Quapropter
1838 880 2052 932 infectis
2077 897 2241 946 nego-

307 953 397 1003 tiis
439 954 655 1021 utrique
693 955 920 1005 redeunt
957 954 1194 1016 domum,
1237 972 1367 1021 quos
1395 973 1458 1006 ex
1490 956 1647 1022 jussu
1674 953 1878 1005 domini
1903 970 2051 1019 papae
2076 951 2243 1018 legati

309 1025 569 1077 Romanae
620 1026 856 1077 ecclesiae
908 1026 1143 1077 secuturi
1195 1032 1372 1077 essent
1416 1026 1474 1076 in
1518 1026 1806 1093 Angliam3
1869 1025 2060 1092 quibus
2106 1041 2241 1091 prae-

310 1098 572 1161 sentibus,
613 1104 939 1165 congregato
976 1098 1141 1148 totius
1179 1098 1394 1165 Angliae
1435 1099 1677 1160 concilio,
1718 1097 2028 1148 memoratis
2071 1096 2241 1146 archi-

307 1170 567 1236 episcopis
585 1170 928 1221 ecclesiarum
947 1188 1164 1220 suarum
1182 1170 1458 1237 privilegia
1473 1169 1894 1237 propalantibus,
1918 1187 2013 1219 sua
2028 1168 2245 1234 utrique

306 1241 447 1309 parti
468 1242 788 1292 decernente
808 1242 1023 1309 justitia
1042 1242 1463 1292 reformarentur
1483 1243 1623 1310 jura.
1684 1241 1992 1292 VVillelmus
2013 1241 2244 1291 electum

309 1313 706 1364 Lincolniensis
747 1314 1001 1376 ecclesiae,
1044 1314 1433 1377 Alexandrum,
1482 1321 1535 1364 et
1586 1313 1819 1364 electum
1865 1312 2246 1363 Bathoniensis

310 1385 669 1436 Godefridum
696 1387 1024 1437 consecravit
1052 1387 1373 1437 Cantuariae.

418 1459 535 1509 Rex
570 1459 841 1509 Henricus
878 1459 979 1509 hoc
1022 1477 1179 1522 annO,
1223 1459 1463 1527 proximo
1508 1464 1628 1526 post
1663 1457 2008 1509 Dominicam
2049 1457 2243 1508 Pente-

310 1536 499 1592 costes,
540 1531 574 1598 ij
604 1531 755 1594 feria,
795 1531 1165 1582 transfretavit
1191 1531 1249 1581 in
1269 1530 1683 1594 Normanniam,
1723 1537 1785 1581 ut
1813 1530 1856 1580 si
1884 1529 2012 1597 quid
2040 1529 2247 1580 adversi

309 1621 404 1670 per
430 1603 785 1667 Willelmum,
814 1604 996 1654 fratris
1024 1604 1107 1654 sui
1133 1604 1322 1667 filium,
1356 1603 1675 1666 oboriretur,
1705 1603 1843 1653 sicut
1863 1603 1978 1670 jam
2003 1601 2246 1652 futurum

312 1676 361 1726 ei
387 1675 763 1737 nunciabatur,
792 1676 905 1743 ipse
933 1676 1080 1742 regia
1105 1676 1418 1743 reprimeret
1439 1676 1652 1727 virtute.
1732 1675 2040 1742 Interjectis
2068 1680 2248 1725 autem

310 1765 420 1798 non
447 1748 666 1798 omnino
693 1748 769 1815 iiij
816 1748 1106 1811 mensibus,
1148 1749 1486 1799 Galerannus
1523 1766 1698 1800 comes
1732 1748 1797 1799 de
1824 1747 2058 1798 Mellant
2086 1753 2138 1797 et
2166 1746 2248 1796 sui

312 1837 518 1882 omnes,
558 1820 748 1871 relicto
792 1838 935 1887 rege,
977 1820 1196 1871 castella
1237 1839 1333 1871 sua
1377 1820 1702 1882 munientes,
1744 1838 1806 1870 ea
1845 1826 2031 1870 contra
2064 1837 2248 1885 regem

312 1898 625 1943 tenuerunt.
706 1893 823 1943 Rex
850 1910 975 1943 vero
1003 1899 1292 1943 convocato
1325 1893 1580 1955 exercitu,
1621 1892 1816 1960 oppido
1856 1891 2066 1942 comitis
2107 1891 2249 1958 quod

312 1964 553 2015 Brionne
598 1970 819 2015 vocatur
866 1964 1163 2026 combusto,
1216 1971 1423 2016 turrem
1469 1965 1637 2015 solam
1689 1983 1847 2031 quam
1902 1981 2087 2030 capere
2139 1981 2250 2014 non

312 2036 481 2087 valuit
507 2037 833 2104 relinquens,
857 2037 1001 2087 aliud
1024 2038 1137 2104 ejus
1161 2038 1432 2104 oppidum,
1456 2037 1656 2088 scilicet
1684 2037 1912 2087 Pontem
1933 2036 2248 2098 Audomari,

315 2109 458 2175 quod
483 2109 644 2176 vulgo
676 2116 897 2160 vocatur
937 2109 1339 2172 Puntaldemer,
1379 2109 1609 2160 flammis
1649 2108 1958 2171 combussit,
2000 2108 2250 2158 omnibus

314 2181 372 2231 in
401 2181 631 2232 circuitu
663 2200 756 2248 per
792 2200 857 2231 xx
897 2189 949 2232 et
977 2199 1038 2232 eo
1067 2182 1296 2249 amplius
1323 2182 1554 2232 miliaria
1581 2181 1804 2233 vastatis
1832 2187 1885 2231 et
1912 2181 2161 2243 incensis,
2194 2187 2252 2230 ut

313 2254 495 2304 hostes
542 2253 670 2320 quid
716 2254 844 2304 mali
888 2254 1127 2305 facerent
1171 2272 1282 2304 non
1325 2254 1645 2305 invenirent.
1725 2253 2023 2304 Castellum
2070 2259 2249 2303 autem

314 2326 460 2376 illius
505 2326 686 2393 oppidi
728 2326 922 2394 septies
963 2326 1157 2393 viginti
1202 2326 1402 2377 milites
1443 2345 1536 2394 per
1576 2327 1642 2395 vij
1689 2325 2011 2377 ebdomadas
2051 2325 2251 2375 obsessi

315 2406 504 2449 contra
529 2398 669 2465 regis
697 2399 992 2450 exercitum
1020 2399 1392 2450 defenderunt.
1469 2399 1676 2450 Videns
1712 2404 1891 2449 autem
1927 2416 2021 2448 rex
2060 2415 2114 2448 se
2141 2415 2252 2448 non

312 2477 374 2521 ut
417 2470 750 2538 disposuerat
792 2472 1064 2538 proficere,
1104 2472 1341 2538 ligneam
1373 2472 1567 2522 turrim
1604 2490 1763 2540 quam
1800 2470 2031 2521 Berfreit
2057 2476 2251 2521 vocant

315 2543 498 2594 erexit.
580 2543 702 2595 Qua
748 2544 813 2594 ad
866 2544 1144 2594 castellum
1199 2551 1310 2595 arte
1363 2544 1608 2607 deducta,
1650 2544 1876 2610 desuper
1915 2542 2252 2610 praeliatores

316 2615 539 2682 sagittas
582 2622 636 2666 et
680 2616 928 2682 ingentes
969 2616 1211 2684 lapidum
1261 2616 1429 2667 moles
1476 2635 1634 2684 super
1678 2616 1913 2666 inclusos
1960 2614 2248 2682 jaciebant.

316 2688 623 2738 Altitudine
664 2689 810 2755 xxiiij
856 2687 1053 2755 pedum
1093 2707 1251 2755 super
1294 2707 1510 2740 murum
1551 2688 1786 2756 praesidii
1829 2687 2099 2738 eminebat
2138 2705 2250 2737 ma-

318 2759 492 2821 china,
533 2760 677 2811 unde
705 2761 971 2826 sagittarii
998 2767 1051 2811 et
1080 2761 1385 2811 alabastarii
1422 2761 1818 2829 praeliabantur.
1898 2759 2117 2810 Obsessi
2142 2777 2252 2810 non

316 2831 555 2882 valentes
581 2832 808 2882 ulterius
835 2832 971 2883 ferre
997 2833 1135 2883 vires
1157 2833 1383 2900 desuper
1408 2833 1782 2900 pugnantium,
1813 2831 2085 2882 deditione
2110 2831 2254 2881 facta

318 2903 593 2954 exierunt:
638 2922 768 2970 quos
797 2922 888 2955 rex
916 2923 1179 2972 quemque
1207 2923 1311 2971 quo
1337 2905 1506 2955 voluit
1534 2905 1679 2956 abire
1706 2903 1963 2983 permisit.
2042 2903 2252 2953 Milites

316 2993 441 3026 vero
485 2993 616 3042 quos
651 2994 744 3027 rex
781 2976 845 3027 de
884 2976 1088 3027 Minori
1117 2977 1402 3028 Britannia
1428 2977 1775 3037 conduxerat,
1814 2976 2032 3026 incenso
2059 2975 2252 3041 oppido

317 3047 592 3115 praedicto,
634 3054 834 3098 telram
874 3048 1238 3111 suffodientes,
1279 3049 1599 3099 invenerunt
1639 3049 1696 3098 in
1738 3047 1885 3098 cistis
1920 3047 2091 3097 multa
2136 3064 2252 3113 quae

319 3119 476 3182 cives,
531 3120 883 3187 piaevidentes
936 3121 1251 3187 periculum,
1303 3121 1360 3171 in
1412 3120 1772 3172 subterraneis
1822 3119 2251 3181 recondiderant

320 3210 529 3255 aurum,
570 3198 871 3258 argentum,
913 3199 1085 3243 vestes
1125 3193 1403 3259 pretiosas,
1459 3193 1635 3260 pallia,
1681 3192 1847 3259 piper,
1895 3191 2251 3258 gingiberum,

318 3271 372 3315 et
401 3264 504 3314 alia
530 3263 856 3331 hujusmodi.
937 3265 1073 3316 Quae
1102 3264 1348 3316 universa
1374 3265 1475 3316 sibi
1513 3265 1765 3316 tollentes
1793 3264 2055 3315 abierunt.
2136 3264 2250 3314 Ha-

319 3335 578 3387 bitatores
624 3342 805 3387 autem
845 3336 991 3387 illius
1033 3336 1229 3404 oppidi,
1269 3337 1614 3388 reconciliato
1657 3336 1758 3387 sibi
1801 3354 1945 3403 rege,
1988 3353 2110 3386 cum
2138 3337 2252 3403 jam

319 3409 503 3459 ruinas
530 3408 711 3476 oppidi
739 3409 1022 3476 coepissent
1048 3409 1387 3472 reaedificare,
1408 3410 1599 3460 Comes
1625 3409 1878 3477 praefatus
1899 3408 2077 3459 subito
2105 3408 2251 3474 quic-

320 3481 448 3548 quid
489 3480 663 3532 fuerat
707 3480 832 3548 igne
866 3481 1069 3548 injecto
1110 3481 1168 3530 in
1203 3481 1411 3532 favillas
1439 3482 1614 3532 vertit.
1692 3482 1894 3532 Praeter
1920 3480 2253 3547 supradictos

321 3560 375 3604 et
418 3553 508 3603 alii
550 3571 829 3621 procerum
867 3553 1118 3603 nonnulli
1160 3553 1495 3605 discedentes
1535 3573 1565 3605 a
1603 3572 1727 3620 rege
1770 3571 1890 3604 suas
1926 3552 2254 3602 munitiones

321 3632 508 3676 contra
551 3626 707 3676 illum
754 3643 851 3693 ope
897 3625 1120 3676 firmiori
1166 3632 1219 3676 et
1260 3644 1483 3677 numero
1528 3632 1887 3693 pugnatorum
1929 3625 2249 3674 instaurant.

323 3698 567 3751 Quarum
595 3697 852 3765 quasdam
878 3715 969 3749 rex
998 3697 1047 3748 vi
1075 3698 1390 3765 aggrediens
1417 3699 1633 3766 recepit,
1676 3698 1931 3765 quasdam
1959 3715 2081 3748 vero
2108 3696 2254 3747 velut
