2384 4126
311 362 415 413 148
873 379 1130 414 HISTORIA
1168 380 1238 413 DE
1281 380 1322 413 s,
1364 379 1688 414 CUTHBERTO

311 506 520 572 potenti
564 506 726 557 militi
771 524 866 557 suo
919 507 1009 573 qui
1049 506 1340 557 vocabatur
1382 506 1562 569 Scula,
1607 525 1637 557 a
1680 506 1806 557 villa
1856 523 1972 573 quae
2017 512 2238 557 vocatur

310 577 531 641 Iodene,
582 597 751 647 usque
804 579 870 630 ad
920 579 1272 646 Billingham.
1356 579 1604 630 Alteram
1655 596 1779 630 vero
1830 584 2037 646 partem
2089 578 2237 629 dedit

311 650 525 701 cuidam
566 652 657 718 qui
684 651 974 702 vocabatur
1000 651 1332 713 Onalafball‚
1377 670 1407 701 a
1447 651 1666 714 Iodene,
1708 669 1877 718 usque
1914 651 1980 701 ad
2014 651 2236 701 fluvium

309 721 609 774 Weorram.
686 725 759 774 Et
803 723 891 774 hic
936 723 1077 773 filius
1122 723 1323 774 diaboli
1365 722 1616 773 inimicus
1666 723 1787 784 fuit,
1830 722 2236 790 quibuscunque

308 794 482 845 modis
507 796 700 862 potuit,
744 796 861 847 Deo
905 801 958 846 et
1000 796 1200 846 Sancto
1236 795 1552 847 Cuthberto.
1633 795 1881 847 Quadam
1915 795 2097 862 itaque
2132 795 2235 857 die,

309 882 450 929 cum,
496 867 684 934 plenus
717 867 998 918 immundo
1040 867 1248 934 spiritu,
1286 885 1409 917 cum
1450 866 1629 918 furore
1668 867 1922 918 intrasset
1957 866 2238 918 ecclesiam

306 936 452 989 beati
489 940 838 1002 Confessoris,
887 939 1133 990 adstante
1185 938 1431 1006 episcopo
1474 939 1820 990 Cuthheardo
1866 945 1918 990 et
1957 945 2073 990 tota
2111 957 2234 990 con-

308 1011 637 1078 gregatione,
668 1016 701 1039 “
722 1011 925 1074 Quid‚'’
953 1011 1149 1077 inquit,
1178 1016 1213 1038 “
1231 1011 1288 1060 in
1315 1029 1401 1061 me
1436 1016 1613 1078 potest
1653 1011 1814 1062 homo
1848 1011 1950 1062 iste
1990 1018 2236 1062 mortuus

308 1082 715 1146 “CuthbertUS‚
768 1084 920 1151 cujus
971 1083 1131 1133 minae
1182 1082 1421 1150 quotidie
1471 1084 1854 1150 opponuntur?
1957 1084 2090 1134 Juro
2141 1102 2235 1151 per

308 1158 342 1181 “
363 1155 507 1206 Deos
533 1173 680 1206 meos
705 1161 969 1222 potenteS,
1011 1154 1156 1205 Thor
1183 1160 1236 1205 et
1264 1154 1465 1217 Othan,
1502 1154 1644 1221 quod
1681 1154 1746 1205 ab
1772 1155 1871 1205 hac
1895 1154 2029 1206 hora
2052 1155 2233 1206 inimi-

307 1227 605 1278 “cissimus
656 1244 746 1278 ero
798 1225 1048 1277 omnibus
1092 1225 1300 1277 vobis.”
1394 1226 1637 1293 Cumque
1689 1226 1965 1294 episcopus
2017 1233 2070 1278 et
2119 1234 2235 1279 tota

304 1299 651 1366 congregatio
704 1317 880 1366 genua
931 1298 1207 1349 flecterent
1262 1304 1386 1349 ante
1431 1299 1611 1349 Deum
1654 1302 1709 1350 et
1757 1299 2016 1349 Sanctum
2063 1300 2233 1350 Cuth-

302 1370 537 1434 bertum,
566 1378 619 1423 et
644 1372 837 1422 harum
863 1370 1135 1421 minarum
1160 1370 1472 1433 vindictam,
1510 1370 1648 1422 sicut
1676 1370 1935 1438 scriptum
1962 1378 2060 1434 est,
2088 1373 2231 1422 Milzz·

302 1444 554 1506 vindicta,
598 1450 648 1495 et
685 1444 804 1511 Eyo
849 1444 1175 1506 retribuam,ss
1216 1442 1282 1493 ab
1328 1443 1403 1494 eis
1450 1449 1777 1510 expeterent,
1819 1461 2103 1495 conversus
2143 1444 2234 1496 ille

301 1515 444 1566 filius
471 1515 671 1567 diaboli
698 1534 821 1567 cum
848 1534 1046 1582 magna
1073 1515 1322 1583 superbia
1349 1522 1402 1566 et
1436 1515 1807 1583 indignatione
1834 1516 2003 1566 voluit
2031 1517 2230 1583 egredi.

303 1588 409 1639 Sed
438 1606 560 1640 cum
589 1589 818 1640 alterum
844 1588 1036 1655 pedem
1062 1587 1327 1655 posuisset
1347 1588 1462 1655 jam
1490 1594 1639 1638 extra
1664 1587 1848 1651 limen,
1886 1588 2053 1639 sensit
2081 1589 2233 1656 quasi

299 1660 502 1711 ferrum
527 1661 586 1711 in
613 1661 782 1712 altero
817 1660 951 1728 pede
987 1660 1090 1711 sibi
1129 1660 1290 1711 altius
1324 1660 1566 1710 infixum.
1647 1660 1770 1712 Quo
1798 1660 1979 1711 dolore
2006 1660 2231 1712 diaboli-

301 1750 424 1783 cum
452 1734 566 1801 ejus
593 1751 684 1784 cor
704 1733 1073 1799 transfigente,
1096 1732 1313 1794 corruit,
1343 1750 1600 1799 suamque
1620 1732 1975 1799 peccatricem
1996 1733 2230 1784 animam

298 1805 545 1856 diabolus
587 1805 646 1855 in
689 1804 962 1856 infernum
998 1804 1175 1855 trusit.
1255 1805 1486 1855 Sanctus
1526 1822 1651 1856 vero
1697 1805 2047 1868 CuthbertUS,
2094 1806 2232 1856 sicut

293 1878 505 1946 justum
533 1883 664 1940 erat,
693 1883 892 1929 terram
920 1895 1072 1927 suam
1097 1876 1315 1944 recepit.

408 1951 669 2017 Tempore
721 1948 1014 2017 supradicti
1067 1948 1352 2000 Eadwardi
1412 1948 1573 2015 regis,
1639 1948 1786 2000 dedit
1836 1949 2230 2001 Wulfheardus

297 2022 438 2073 filius
505 2021 925 2073 vaetreddincit
988 2022 1187 2072 Sancto
1248 2020 1549 2072 Cuthberto
1598 2020 1782 2071 villam
1844 2040 1961 2089 quae
2011 2028 2233 2073 vocatur

298 2094 664 2162 Bynnewalle.
741 2093 948 2145 Eodem
992 2099 1233 2160 tempore
1278 2092 1460 2144 Edred
1509 2092 1651 2143 filius
1704 2093 1920 2144 Rixinci
1971 2094 2230 2161 equitavit

299 2184 481 2218 versus
507 2166 841 2218 occidentem
876 2165 1021 2216 ultra
1056 2170 1284 2227 monteS,
1322 2170 1376 2217 et
1416 2164 1689 2216 interfecit
1723 2165 2045 2216 Eardulfum
2079 2167 2227 2233 prin-

300 2239 491 2306 cipem,
544 2239 765 2306 ejusque
807 2255 1030 2289 uxorem
1074 2237 1271 2305 rapuit,
1326 2242 1513 2288 contra
1562 2255 1749 2304 pacem
1800 2243 1854 2288 et
1896 2238 2229 2290 voluntatem

296 2311 497 2378 populi,
545 2318 598 2362 et
638 2311 705 2362 ad
749 2309 1107 2378 patrocinium
1156 2309 1343 2361 Sancti
1389 2308 1679 2360 Cuthberti
1720 2309 1979 2377 confugit.
2057 2312 2127 2361 Et
2152 2311 2228 2362 ibi

296 2384 472 2434 tribus
508 2383 662 2435 annis
702 2383 920 2446 mansit,
962 2400 1085 2433 cum
1126 2400 1255 2449 pace
1297 2382 1478 2433 colens
1513 2387 1715 2433 terram
1750 2381 1854 2432 sibi
1895 2401 1925 2433 a
1952 2382 2228 2435 Cuthardo

296 2456 542 2524 episcopo
575 2462 628 2508 et
668 2475 699 2507 a
733 2455 1148 2523 congregatione
1182 2454 1478 2521 praestitam
1496 2475 1509 2516 3
1554 2473 1584 2505 a
1619 2454 2027 2518 Cunceceastre‚
2059 2473 2228 2523 usque

297 2529 363 2579 ad
390 2529 681 2597 Dyrwente
709 2528 947 2591 fluvium,
977 2533 1030 2579 et
1057 2526 1182 2578 inde
1209 2545 1377 2594 usque
1406 2527 1473 2577 ad
1490 2527 1737 2577 Werram
1759 2544 1938 2578 versus
1966 2533 2226 2591 austrum,

297 2607 350 2652 et
376 2601 502 2653 inde
528 2619 697 2668 usque
726 2600 792 2651 ad
818 2600 959 2652 viam
987 2617 1104 2667 quae
1130 2605 1351 2650 vocatur
1371 2599 1718 2650 Deorestrete
1743 2599 1799 2649 in
1827 2599 2146 2651 occidentali
2173 2606 2226 2652 et

297 2673 519 2724 australi
545 2679 714 2741 parte,
753 2678 806 2724 et
833 2672 1017 2724 villam
1059 2689 1216 2739 super
1251 2672 1402 2734 Tese,
1440 2689 1556 2739 quae
1584 2677 1805 2722 vocatur
1831 2671 2224 2738 Geagenforda,

296 2752 350 2796 et
378 2746 633 2813 quicquid
668 2745 735 2796 ad
770 2763 888 2796 eam
914 2744 1166 2811 pertinet.
1246 2744 1405 2795 Hanc
1446 2751 1644 2795 terram
1691 2743 1835 2794 idem
1877 2744 2059 2795 Edred
2103 2762 2225 2796 cum

295 2818 555 2868 fidelitate
585 2816 770 2868 Sancti
799 2816 1086 2868 Cuthberti
1119 2816 1315 2879 tenuit,
1359 2822 1413 2867 et
1455 2833 1675 2867 censum
1710 2816 1940 2867 fideliter
1973 2816 2224 2880 reddidit,

295 2890 465 2940 donec
492 2889 829 2956 supradictus
851 2888 1244 2956 Regenwaldus
1264 2905 1376 2949 rex,
1404 2893 1729 2954 congregato
1748 2888 1948 2938 iterum
1969 2889 2222 2953 exercitu,

295 2959 435 3028 apud
465 2961 799 3028 Corebrygce
833 2960 1110 3027 pugnavit,
1151 2959 1434 3026 ipsumque
1470 2959 1667 3021 Edred,
1712 2965 1765 3010 et
1792 2960 2082 3010 maximam
2109 2962 2222 3011 An-

296 3035 510 3101 glorum
536 3032 943 3083 multitudinem
968 3031 1240 3082 interfecit
1257 3052 1270 3093 3
1314 3038 1385 3094 et,
1412 3031 1583 3081 victor
1609 3030 1846 3093 effectus,
1875 3037 2047 3082 totam
2072 3032 2223 3084 illam

291 3113 494 3157 terram
522 3123 681 3172 quam
709 3104 889 3155 Edred
911 3109 1157 3155 tenuerat
1186 3104 1385 3153 Sancto
1403 3102 1704 3154 Cuthberto
1726 3103 1965 3166 abstulit,
1995 3110 2047 3155 et
2075 3104 2223 3156 dedit

291 3178 523 3229 Esbrido
561 3177 671 3227 filio
715 3175 913 3238 Edred,
968 3181 1021 3226 et
1065 3175 1220 3225 fratri
1265 3192 1360 3225 suo
1402 3175 1601 3225 Eltano
1647 3174 1849 3238 comiti,
1894 3176 1986 3242 qui
2022 3176 2081 3226 in
2119 3176 2221 3228 hoc

292 3250 476 3318 praelio
502 3247 711 3300 robusti
736 3247 1024 3299 bellatores
1050 3246 1287 3297 fuerunt.
1365 3246 1604 3297 Tandem
1637 3246 1750 3313 ipse
1783 3247 2102 3299 maledictus
2128 3268 2221 3301 rex

294 3341 417 3373 cum
442 3322 566 3373 filiis
593 3327 647 3373 et
675 3320 859 3371 amicis
880 3319 990 3370 suis
1016 3319 1192 3386 periit,
1228 3318 1472 3386 nihilque
1500 3318 1565 3369 de
1592 3318 1676 3369 his
1704 3337 1821 3386 quae
1851 3321 2049 3372 Sancto
2077 3322 2218 3373 Con-

293 3394 481 3446 fessori
508 3393 804 3445 abstulerat
832 3409 1014 3442 secum
1041 3396 1234 3458 praeter
1260 3396 1539 3458 peccatum
1567 3391 1710 3442 tulit.

403 3467 484 3520 Eo
529 3473 770 3533 tempore
822 3463 1150 3515 Eadwardus
1195 3480 1302 3526 reX,
1355 3463 1545 3530 plenus
1595 3463 1804 3514 dierum
1850 3470 1903 3515 et
1949 3465 2221 3516 confectus

376 3640 387 3661 ¹
415 3581 785 3686 gligganbigridge
812 3633 905 3675 MS.
932 3633 1051 3673 reads
1079 3631 1407 3673 Hwaeorddinci.
1468 3632 1741 3685 Bynnewalle
1760 3632 1795 3673 is
1814 3634 2016 3686 probably
2036 3633 2224 3676 Benwell

290 3705 345 3733 on
366 3692 439 3732 the
460 3691 593 3744 Tyne.
