2384 4126
322 366 425 418 ‘102
472 377 475 380 ‘
539 376 573 387 ”
626 358 635 386 ³
718 376 721 378 “
838 383 842 389 ‘
927 358 1206 420 *sYMEoNIs
1246 387 1639 421 DUNELMENSIS

320 516 354 539 “
371 512 487 579 regi
512 513 788 565 Willelmo
804 534 818 576 3
851 514 944 565 sed
959 513 1213 565 minima:
1242 532 1363 582 pars
1392 532 1514 565 vero
1536 514 1705 565 altera
1729 513 1941 565 favebat
1969 512 2243 565 Rodberto

321 589 355 611 “
374 586 558 636 comiti
584 586 1043 650 Normannorum,
1073 593 1126 638 et
1151 587 1401 649 maxima,
1431 587 1647 654 cupiens
1683 586 1828 637 hunc
1862 586 1964 637 sibi
1990 585 2245 636 asciscere

321 660 356 683 “
376 657 434 707 in
460 676 688 725 regnum
704 680 719 721 3
760 658 982 710 fratrem
1023 676 1146 710 vero
1188 659 1301 727 ejus
1343 665 1435 710 aut
1476 659 1631 709 fratri
1668 659 1878 710 tradere
1912 658 2110 720 vivum,
2152 664 2246 708 aut

320 732 540 797 “regno
590 730 798 798 privare
842 737 1196 799 peremptum.
1277 731 1458 798 Hujus
1509 731 1816 783 execrandae
1859 731 1937 782 rei
1979 729 2243 797 principes

320 804 355 828 “
372 802 667 854 extiterunt
685 803 803 855 Odo
830 803 1107 871 episcopus
1126 802 1454 866 BaiocensiS,
1484 803 1576 870 qui
1596 809 1650 855 et
1671 810 1785 854 erat
1812 820 1987 854 comes
2007 803 2243 854 Cantua-

319 877 354 900 “
371 874 580 937 riensis,
617 881 670 926 et
698 875 974 926 Goffridus
1009 875 1288 943 episcopus
1315 876 1804 937 Constantinensis,
1846 883 1899 926 et
1935 874 2243 926 Rodbertus

320 950 354 973 “
376 964 552 997 comes
596 947 1007 1009 MoritunensiS,
1049 954 1102 998 et
1141 948 1386 1014 Rogerus
1430 965 1607 998 comes
1655 946 2242 1015 ScrobbesbyriensiS,”

318 1024 372 1068 et
417 1019 820 1070 excellentiores
864 1019 1129 1086 principes
1180 1019 1347 1070 totius
1390 1019 1621 1086 Angliae,
1669 1026 1889 1086 excepto
1941 1019 2245 1070 Lanfranco

319 1091 732 1158 archiepiscopo.
813 1095 848 1119 ‘⁶
866 1090 1181 1142 Execrabile
1220 1091 1322 1142 hoc
1362 1091 1566 1142 factum
1607 1097 1974 1142 tractaverunt
2015 1091 2155 1142 clam
2188 1091 2247 1141 in

318 1167 351 1189 “
372 1163 814 1230 Quadragesima,
843 1162 1134 1229 statimque
1160 1169 1280 1230 post
1301 1163 1506 1214 Pascha
1520 1163 1556 1186 ''
1585 1163 1746 1229 coepit
1772 1163 1997 1231 quisque
2023 1163 2164 1214 circa
2191 1181 2246 1214 se

316 1241 540 1296 vastare,
569 1253 772 1302 rapere,
801 1235 982 1285 omnia
1007 1235 1331 1301 depraedare,
1360 1235 1581 1286 castella
1606 1235 1817 1286 munire
1842 1235 1985 1286 fosso
2012 1242 2065 1286 et
2081 1236 2244 1287 victu.

317 1311 353 1334 “
374 1306 649 1358 Goffridus
675 1307 953 1374 episcopus
982 1307 1454 1358 Constantinensis
1489 1313 1543 1358 et
1579 1307 1884 1358 Rodbertus
1914 1307 1979 1358 de
2005 1307 2247 1358 Mulbrei

317 1378 584 1430 “iverunt
637 1380 952 1448 Brycstoue,
1005 1379 1099 1430 ubi
1149 1379 1420 1430 habebant
1472 1385 1709 1430 castrum
1759 1379 2126 1441 fortissimum,
2192 1385 2246 1431 et

317 1455 351 1478 “
372 1451 554 1503 omnia
579 1452 932 1503 devastabant
957 1470 1127 1519 usque
1162 1452 1343 1502 locum
1380 1451 1471 1519 qui
1496 1458 1719 1502 vocatur
1744 1450 2039 1502 Bathan.''⁶
2114 1452 2243 1502 Pro-

314 1541 565 1591 ceresque
610 1524 675 1576 de
716 1524 1019 1575 Hereforda
1064 1530 1117 1575 et
1161 1524 1226 1575 de
1273 1524 1692 1592 Scrobbesbyria
1733 1542 1855 1575 cum
1897 1524 2246 1575 multitudine

312 1596 653 1647 Walensium
688 1603 1038 1664 perrexerunt
1078 1615 1247 1664 usque
1278 1597 1616 1663 Wigornam,
1659 1597 1842 1647 omnia
1877 1603 2003 1648 ante
2045 1615 2099 1648 se
2127 1615 2241 1647 vas-

312 1674 508 1732 tanteS,
537 1675 590 1721 et
616 1669 741 1736 igne
770 1675 1164 1720 consumentes.
1244 1669 1632 1736 Cogitaverunt
1653 1669 1816 1720 etiam
1844 1669 1987 1736 quod
2008 1675 2244 1720 castrum

313 1747 367 1791 et
418 1741 699 1792 ecclesiam
750 1741 950 1793 vellent
1003 1742 1261 1809 accipere,
1327 1742 1468 1808 quod
1518 1741 1764 1793 videlicet
1824 1748 2061 1793 castrum
2112 1748 2243 1793 tunc

309 1813 567 1881 temporis
630 1814 1067 1865 commendatum
1131 1820 1245 1865 erat
1304 1813 1557 1865 Wlstano
1617 1814 1909 1865 venerabili
1972 1814 2235 1882 episcopo.

313 1886 544 1938 Quando
583 1885 862 1953 episcopus
902 1886 1008 1937 ista
1048 1886 1267 1949 audivit,
1298 1886 1449 1937 valde
1492 1886 1862 1948 contristatur,
1904 1893 1957 1938 et
1999 1886 2242 1954 cogitans

311 1958 442 2026 quid
468 1958 677 2009 consilii
701 1958 827 2010 inde
853 1958 1092 2022 haberet,
1127 1959 1288 2009 vertit
1317 1976 1372 2009 se
1400 1959 1466 2009 ad
1491 1959 1672 2010 Deum
1699 1977 1875 2021 suum,
1917 1964 1970 2010 et
1996 1965 2152 2026 rogat
2179 1965 2241 2009 ut

309 2030 559 2098 respiciat
585 2031 864 2082 ecclesiam
895 2032 1061 2082 Suam
1087 2037 1140 2082 et
1166 2031 1425 2098 populum
1454 2032 1625 2081 Suum
1653 2031 1718 2082 ab
1746 2030 1992 2082 hostibus
2027 2049 2241 2098 oppres-

310 2121 447 2154 sum.
528 2103 664 2154 Haec
691 2121 753 2154 eo
779 2104 1093 2166 meditante,
1121 2103 1324 2154 familia
1350 2103 1465 2171 ejus
1492 2103 1663 2154 exiliit
1689 2104 1755 2154 de
1790 2110 1980 2166 castrO,
2011 2109 2064 2155 et
2092 2121 2239 2154 acce-

308 2182 504 2243 perunt
532 2181 585 2227 et
611 2176 924 2227 occiderunt
951 2193 1013 2227 ex
1049 2176 1124 2227 eis
1160 2175 1485 2243 quingentos
1510 2176 1669 2238 viros,
1713 2182 1766 2227 et
1806 2176 1937 2226 alios
1971 2175 2030 2226 in
2056 2175 2242 2242 fugam

308 2254 600 2299 verterunt.
681 2248 924 2315 Rogerus
976 2247 1139 2316 Bigot
1184 2248 1404 2298 intravit
1451 2254 1686 2298 castrum
1727 2248 1792 2299 de
1842 2248 2141 2311 Northwic,
2189 2254 2243 2299 et

309 2338 494 2371 omnes
534 2319 662 2371 vicit
707 2320 765 2370 in
804 2321 1026 2371 malum.
1107 2320 1226 2372 Odo
1266 2320 1564 2387 episcopus,
1617 2338 1710 2387 per
1751 2339 1910 2387 quem
1952 2321 2057 2371 ista
2100 2321 2243 2371 mala

309 2398 604 2460 coeperunt,
651 2393 884 2460 perrexit
926 2392 1196 2456 Cantiam,
1243 2399 1297 2444 et
1341 2393 1493 2443 villas
1531 2393 1703 2460 regias
1743 2393 1990 2456 vastavit,
2030 2411 2243 2444 necnon

309 2471 362 2516 et
390 2464 633 2516 omnium
661 2465 752 2532 qui
779 2465 894 2533 regi
919 2466 1079 2517 fidem
1114 2471 1408 2517 tenuerunt
1447 2472 1617 2516 terras
1653 2465 2006 2532 depopulatus
2048 2472 2147 2527 est,
2188 2472 2242 2517 et

309 2544 545 2589 castrum
575 2537 842 2589 Hrofense
869 2538 1188 2589 obfirmavit.
1269 2538 1391 2589 Hoc
1419 2538 1620 2601 audito,
1660 2556 1754 2589 rex
1787 2537 1915 2590 fecit
1951 2555 2241 2589 convocare

308 2610 534 2676 Anglos,
573 2616 626 2661 et
665 2610 902 2661 ostendit
938 2611 1013 2662 eis
1048 2610 1398 2662 traditionem
1431 2610 1893 2672 Normannorum,
1939 2616 1993 2661 et
2033 2610 2241 2677 rogavit

310 2688 372 2732 ut
409 2682 511 2732 sibi
548 2682 745 2733 auxilio
782 2688 977 2745 essent,
1020 2700 1082 2734 eo
1119 2689 1325 2746 tenore,
1361 2689 1423 2733 ut
1463 2682 1508 2733 si
1545 2683 1604 2733 in
1642 2683 1742 2733 hac
1781 2682 2101 2734 necessitate
2141 2683 2244 2734 sibi

308 2754 491 2805 fideles
520 2754 828 2817 existerent,
855 2755 1133 2806 meliorem
1160 2755 1334 2822 legem
1362 2773 1520 2821 quam
1542 2755 1742 2806 vellent
1768 2755 1983 2822 eligere,
2012 2755 2086 2806 eis
2115 2773 2240 2806 con-

311 2825 540 2888 cederet,
588 2831 640 2877 et
682 2844 898 2877 omnem
938 2827 1201 2894 injustum
1255 2833 1490 2877 scottum
1532 2827 1829 2889 interdixit,
1883 2833 1937 2878 et
1982 2827 2243 2877 concessit

312 2898 564 2948 omnibus
609 2898 765 2948 silvas
818 2917 940 2949 suas
990 2905 1043 2949 et
1084 2898 1441 2950 venationem.
1522 2898 1629 2950 Sed
1674 2898 1928 2965 quicquid
1977 2899 2239 2965 promisit,

310 2987 474 3038 parvo
499 2977 740 3037 tempore
768 2970 1072 3021 custodivit.
1148 2971 1318 3037 Angli
1342 2977 1525 3021 tamen
1560 2971 1790 3021 fideliter
1815 2988 1939 3021 eum
1960 2970 2238 3037 juvabant.

314 3042 675 3109 Congregavit
719 3042 888 3108 igitur
936 3061 1030 3093 rex
1081 3043 1374 3093 exercitum
1423 3049 1485 3093 ut
1533 3042 1637 3093 iret
1690 3043 2121 3104 Hrovecestram,
2152 3043 2243 3094 ubi

311 3114 538 3181 putabat
573 3113 821 3165 Odonem
861 3114 1169 3181 episcopum
1210 3132 1339 3165 esse.
1416 3114 1711 3165 Venientes
1747 3121 1928 3165 autem
1964 3115 2030 3165 ad
2068 3116 2240 3167 Tone-

311 3187 480 3254 bryge
530 3186 852 3236 invenerunt
912 3193 1150 3236 castrum
1200 3186 1543 3237 obfirmatum
1595 3193 1782 3252 contra
1832 3205 2031 3253 regem.
2138 3188 2244 3239 Sed

311 3258 537 3309 viriliter
562 3257 731 3325 Angli
755 3257 1052 3309 insilientes
1079 3259 1137 3309 in
1161 3258 1314 3320 illud,
1358 3258 1739 3310 destruxerunt
1774 3264 1949 3309 totum
1986 3265 2239 3323 castrum,

314 3338 368 3382 et
390 3330 482 3398 qui
507 3330 655 3380 intus
675 3336 828 3380 erant
853 3330 912 3380 in
930 3348 1123 3381 manus
1142 3330 1258 3397 regi
1278 3331 1556 3382 dederunt.
1612 3330 1714 3381 His
1736 3330 1812 3381 ita
1833 3331 1980 3394 actis,
2001 3349 2094 3382 rex
2120 3350 2244 3383 cum

312 3402 551 3455 exercitu
577 3402 738 3454 vertit
762 3402 867 3453 iter
891 3420 1074 3453 versus
1101 3409 1336 3454 castrum
1353 3403 1418 3454 de
1446 3403 1784 3466 Peveneseia,
1808 3403 1922 3471 jam
1950 3404 2094 3454 enim
2120 3404 2240 3456 Odo

396 3599 412 3625 ὂ
444 3599 505 3640 To
525 3599 612 3640 this
630 3598 752 3652 point
771 3598 846 3639 the
865 3598 1079 3639 narrative
1091 3598 1126 3638 is
1141 3598 1295 3651 chiefly
1311 3598 1419 3639 from
1434 3598 1662 3650 Florence3
1683 3600 1757 3641 the
1772 3601 2023 3652 remainder,
2038 3601 2247 3653 although

311 3658 356 3696 to
377 3668 491 3696 some
510 3657 658 3696 extent
678 3654 902 3706 recording
921 3654 995 3694 the
1015 3667 1127 3695 same
1147 3656 1306 3704 events,
1336 3655 1370 3694 is
1398 3654 1566 3696 neither
1585 3656 1784 3697 identical
1805 3656 1850 3696 in
1871 3656 2018 3697 details
2040 3669 2117 3697 nor
2137 3670 2180 3697 as
2201 3659 2245 3697 to

311 3711 385 3751 the
406 3711 529 3752 order
548 3711 594 3750 in
615 3710 753 3751 which
775 3712 919 3751 events
939 3722 1009 3750 are
1030 3709 1188 3761 placed,
1218 3710 1301 3750 and
1321 3723 1450 3761 many
1470 3711 1721 3761 particulars
1741 3724 1811 3753 are
1831 3712 1976 3752 added.
