2384 4126
816 403 1072 438 HISTORIA
1112 402 1322 437 REGUM.
1950 388 2016 437 31

114 530 444 601 quorundam
480 529 780 597 principum
808 528 945 579 clam
972 527 1036 578 de
1071 525 1302 578 Eufania
1334 526 1497 589 venit,
1532 525 1729 593 ibique,
1772 525 2019 577 deficien-

112 604 254 654 tibus
281 603 346 653 ab
373 619 434 653 θο
461 602 569 651 suis
594 600 873 661 militibus,
910 604 1096 665 captus
1134 604 1213 650 est
1250 616 1280 649 a
1303 616 1429 665 rege
1466 597 1724 666 praefatof
1763 602 1921 664 atque
1961 615 2023 648 eo

106 675 329 744 jubente
363 672 566 724 occisus
591 672 649 722 in
686 672 802 722 loco
830 670 922 737 qui
947 670 1142 720 dicitur
1167 669 1454 737 Aynburga
1479 669 1599 737 xviij
1625 669 1730 719 kal.
1754 668 2020 719 Octobris

114 748 317 812 Corpus
349 761 473 795 vero
508 745 621 811 ejus
663 743 727 793 ad
763 743 960 793 ostium
991 741 1128 809 Tyni
1163 741 1397 791 fluminis
1430 741 1696 808 perlatum
1736 746 1834 802 est,
1874 745 1928 790 et
1967 739 2026 789 in

111 817 331 868 basilica
356 815 594 883 ejusdem
621 814 802 865 eximii
829 812 1057 864 coenobii
1083 813 1368 880 sepultum.

220 887 424 939 Eodem
463 904 602 937 anno
637 885 894 937 Ethelred
919 902 1012 936 rex
1043 885 1246 952 accepit
1279 883 1521 951 reginam
1552 882 1832 946 Elfledam,
1859 882 2025 933 filiam

114 959 248 1011 Offae
272 959 412 1026 regis
438 958 787 1021 Merciorum,
813 957 869 1025 iij
899 956 1005 1007 kal.
1035 956 1226 1007 Octob.
1256 955 1395 1023 apud
1422 953 1799 1007 Cateractam.⁶

938 1131 1196 1165 DCCXCIII.

221 1209 383 1259 Anno
414 1207 678 1276 nco.xciij,
715 1206 806 1274 qui
838 1212 917 1257 est
958 1224 1128 1257 annus
1164 1205 1445 1257 Ethelredi
1477 1204 1619 1272 regis
1646 1209 1883 1271 quartuS,
1913 1203 2028 1254 dira

113 1280 354 1348 prodigia
392 1279 640 1330 miseram
676 1278 975 1345 Anglorum
1015 1283 1252 1329 terruere
1294 1283 1525 1345 gentem.
1605 1275 1881 1343 Siquidem
1920 1275 2025 1325 ful-

114 1352 261 1403 mina
303 1350 674 1413 abominanda,
717 1356 770 1401 et
812 1349 1065 1400 dracones
1110 1367 1202 1416 per
1243 1352 1381 1412 aera,
1422 1348 1671 1415 igneique
1711 1347 1849 1398 ictus
1890 1364 2027 1413 saepe

114 1423 339 1475 vibrare⁶
370 1429 424 1474 et
456 1422 678 1473 volitare
711 1421 1029 1472 videbantur
1044 1442 1058 1483 3
1101 1438 1217 1488 quae
1244 1420 1445 1471 scilicet
1477 1419 1630 1486 signa
1653 1419 1851 1469 famem
1876 1436 2026 1484 mag-

114 1512 256 1557 nam,
300 1500 353 1545 et
393 1494 686 1545 multorum
721 1492 1002 1544 hominum
1037 1498 1270 1559 stragem
1304 1491 1590 1559 pessimam
1617 1496 1776 1557 atque
1802 1489 2024 1541 inedici-

114 1565 294 1628 bilem,
324 1582 440 1633 quae
467 1565 748 1616 subsecuta
774 1570 871 1627 est,
900 1564 1342 1615 demonstravere.

223 1638 348 1704 Ipso
376 1654 584 1703 quoque
611 1653 750 1686 anno
787 1635 946 1702 Sicga
980 1635 1103 1698 dux,
1144 1634 1235 1701 qui
1271 1634 1544 1685 interemit
1583 1632 1905 1684 Elfwaldum
1943 1650 2025 1683 re-

117 1726 255 1775 gem,
296 1708 501 1759 interiit
533 1707 745 1775 propria
780 1724 939 1758 nece:
982 1707 1132 1774 cujus
1165 1724 1353 1773 corpus
1381 1706 1447 1757 ad
1471 1705 1702 1755 insulam
1730 1703 2027 1754 Lindisfar-

115 1798 334 1832 nensem
360 1779 625 1846 perlatum
651 1784 730 1830 est
755 1778 809 1828 ix
833 1778 940 1828 kal.
971 1778 1123 1828 Maii.

226 1850 674 1902 Lindisfarnensis
698 1849 897 1900 insulad
922 1868 1116 1917 magna
1143 1855 1222 1900 est
1247 1867 1341 1916 per
1368 1848 1648 1910 ambitum,
1673 1845 1821 1898 verbi
1857 1846 2030 1914 gratia

116 1922 204 1991 viij
251 1923 336 1974 vel
386 1922 610 1989 amplius
660 1921 903 1972 miliariis
954 1939 1008 1972 se
1060 1921 1376 1972 extendens:
1463 1921 1532 1971 In
1577 1937 1681 1986 qua
1726 1925 1805 1970 est
1851 1918 2028 1969 nobile

118 1994 500 2045 monasterium
527 2011 630 2060 quo
657 1993 881 2044 eximius
916 1993 1246 2043 Cuthbertus
1274 1992 1496 2043 antistes
1529 1991 1733 2059 positus
1766 1996 1879 2041 erat
1907 2007 2029 2040 cum

121 2066 237 2116 aliis
262 2065 574 2132 praesulibus
600 2065 690 2132 qui
721 2065 835 2133 ejus
870 2082 1195 2116 successores
1230 2063 1529 2131 dignissimi
1564 2063 1868 2114 extiterant.
1946 2062 2030 2112 De

122 2137 311 2204 quibus
349 2136 454 2188 dici
492 2142 863 2203 congruenter⁶
897 2142 1071 2203 potest
1106 2136 1247 2203 quod
1281 2135 1507 2197 canitur,
1547 2136 1777 2200 Corpora
1808 2134 2028 2184 Sancto-

120 2226 236 2259 rum
260 2209 316 2259 in
339 2225 474 2274 pace
504 2210 705 2274 sepulta
739 2206 906 2258 sunts
973 2207 1161 2257 Lindis
1189 2207 1381 2258 dicitur
1405 2207 1606 2257 flumen
1632 2205 1770 2272 quod
1799 2204 2031 2256 excurrit

121 2279 178 2329 in
228 2297 390 2341 mare,
436 2279 659 2329 duorum
702 2278 898 2345 pedum
947 2278 1289 2329 latitudinem
1337 2278 1558 2340 habens,
1610 2276 1822 2344 quando
1871 2276 2032 2326 ledon

120 2350 299 2413 fuerit,
326 2350 382 2400 id
408 2355 505 2413 est,
532 2350 706 2400 minor
731 2357 907 2411 aestus,
935 2356 989 2400 et
1014 2349 1181 2400 videri
1205 2355 1410 2416 potest:
1446 2348 1656 2415 quando
1682 2365 1805 2398 vero
1830 2347 2032 2397 malina

121 2421 301 2483 fuerit,
345 2421 402 2471 id
451 2427 547 2483 est,
593 2421 763 2488 major
805 2427 964 2471 aestus
1007 2420 1186 2483 maris,
1237 2427 1367 2471 tunc
1409 2420 1596 2486 nequit
1638 2418 1800 2469 lindis
1844 2418 2027 2469 videri.

125 2492 312 2542 AEstus
343 2491 526 2542 oceani
559 2492 743 2542 lunam
774 2491 1029 2558 sequitur,
1069 2498 1324 2558 tanquam
1351 2492 1464 2559 ejus
1492 2490 1810 2557 aspiratione
1835 2496 2032 2540 retror-

126 2581 244 2612 sum
269 2562 512 2612 trahatur
536 2562 593 2612 in
620 2580 905 2625 accessum,
938 2563 1156 2630 ejusque
1181 2563 1415 2630 impulsu
1440 2568 1671 2613 retracto
1696 2561 2029 2612 refundatur.

128 2633 237 2685 Qui
276 2633 509 2701 quotidie
547 2633 628 2684 bis
667 2634 878 2685 affluere
917 2640 970 2685 et
1007 2652 1243 2685 remeare
1281 2634 1440 2684 unius
1479 2650 1686 2701 semper
1722 2632 1867 2683 horae
1903 2632 2031 2683 dod-

124 2710 276 2755 rante
321 2710 373 2756 et
418 2704 724 2768 semiuncia,
771 2723 886 2772 quae
931 2712 1011 2756 est
1056 2706 1292 2768 dimidia,
1337 2705 1650 2756 transmissa
1692 2704 1919 2766 videtur,
1970 2710 2032 2754 ut

124 2776 272 2827 Beda
297 2782 538 2827 testatur.
606 2777 755 2828 Sicut
782 2777 924 2828 enim
949 2777 1078 2828 luna
1103 2783 1331 2845 quatuor
1355 2776 1569 2844 punctis
1596 2776 1766 2842 spatio
1794 2775 2032 2844 quotidie

204 2918 220 2934 ²
253 2910 419 2949 Scilicet
437 2911 692 2950 Etheldsredo
713 2909 952 2951 interlined.

204 2972 222 2988 ‘¹
253 2964 342 3004 The
368 2964 538 3016 locality
566 2964 612 3004 of
635 2965 720 3004 this
749 2966 1013 3017 catastrophe
1041 2965 1076 3007 is
1105 2968 1181 3007 not
1209 2966 1454 3008 mentioned
1482 2966 1538 3018 by
1558 2977 1641 3018 any
1661 2965 1785 3006 other
1812 2963 1927 3017 early
1946 2964 2034 3005 his-

123 3017 274 3064 toriam
296 3031 373 3058 nor
391 3018 426 3058 is
444 3019 518 3059 the
536 3019 705 3071 locality
724 3020 770 3059 of
785 3019 998 3073 Aynburg
1016 3021 1185 3061 known.

205 3073 221 3097 ⁶
252 3073 341 3114 The
361 3073 497 3113 Saxon
517 3074 740 3115 Chronicle
760 3088 864 3127 says,
880 3076 1034 3128 “King
1047 3076 1261 3117 AEthelred
1283 3076 1383 3116 took
1403 3089 1427 3115 a
1446 3087 1539 3116 new
1553 3074 1689 3124 wife,''
1705 3073 1789 3113 and
1804 3073 2030 3126 Hunting-

123 3126 206 3166 don
226 3128 337 3177 adds,
359 3127 468 3167 “sua
487 3128 674 3168 relicta?³
732 3129 974 3170 Wendover
993 3143 1098 3183 says,
1120 3131 1247 3172 “Rex
1263 3130 1748 3171 Northanhumbrorum
1762 3129 2033 3179 Ethelredus‚

123 3181 290 3232 propria
318 3181 462 3222 relicta
487 3196 630 3229 uxore,
659 3196 811 3224 novam
837 3185 973 3232 duxit,
1005 3186 1117 3226 unde
1144 3199 1168 3225 a
1185 3185 1355 3237 propria
1374 3188 1500 3236 gent-e
1520 3184 1768 3224 interfectus
1788 3184 1891 3223 est.”
1949 3183 2033 3223 His

125 3236 249 3275 death
277 3249 357 3276 was
386 3238 583 3278 attended
611 3238 667 3290 by
699 3239 932 3290 prodigies3
971 3240 1187 3280 “orbiculi
1215 3240 1293 3280 visi
1322 3242 1423 3281 sunt
1448 3239 1563 3280 >circa
1591 3238 1720 3279 solem
1749 3238 2033 3289 significantes

126 3289 295 3331 fortasse
314 3292 547 3332 multorum
566 3305 715 3344 regum
735 3296 776 3333 et
798 3294 1004 3334 nobilium
1023 3296 1245 3336 mortem.''

206 3351 220 3368 ⁶
255 3347 508 3385 Crebro-scere
527 3347 572 3386 in
591 3348 665 3387 the
684 3348 863 3400 margin.

208 3399 227 3422 ‘¹
255 3399 309 3438 In
328 3401 401 3441 the
420 3401 599 3453 margin,
620 3404 858 3455 Descriptio
879 3404 1237 3456 Isindiffamncmis
1255 3405 1413 3444 insulce.
1466 3402 1568 3443 This
1583 3401 1838 3453 description
1857 3400 1940 3441 and
1958 3400 2034 3441 the

126 3455 453 3506 accompanying
481 3456 691 3496 narrative
718 3457 763 3496 of
788 3458 860 3498 the
879 3458 1090 3499 atrocities
1108 3459 1214 3499 then
1230 3458 1512 3510 perpetrated‚
1543 3458 1627 3497 and
1653 3457 1727 3497 the
1756 3457 1947 3506 portents
1975 3455 2033 3505 by

125 3507 262 3547 which
286 3508 388 3561 they
417 3522 523 3550 were
547 3510 762 3561 preceded,
791 3511 826 3551 is
846 3512 991 3563 copied
1010 3513 1066 3565 by
1086 3512 1269 3565 Symeon
1288 3513 1380 3553 into
1399 3513 1465 3552 his
1485 3511 1666 3563 History
1685 3511 1731 3550 of
1755 3510 1828 3549 the
1858 3509 2032 3549 Church

128 3561 181 3656 ἵζ’)
187 3561 394 3656 ΙΞ81113111,
415 3564 523 3604 book
543 3565 600 3612 ii„
621 3578 655 3605 c.
674 3578 713 3605 v.
772 3567 848 3607 See
867 3567 997 3615 Beda,
1029 3568 1105 3618 iii„
1134 3571 1174 3618 3,
1201 3568 1284 3608 and
1303 3566 1479 3608 Alcuini
1499 3566 1623 3618 Opp.,
1655 3565 1717 3605 ed.
1739 3563 1860 3613 1777,
1889 3563 1931 3612 iv
1965 3565 2031 3611 ll>

209 3677 224 3693 ²
260 3673 334 3710 Vel
352 3674 632 3713 convenienter
651 3673 696 3712 in
717 3674 789 3715 the
810 3675 988 3727 margin.
1359 3675 1385 3706 f
1408 3674 1520 3715 Eccl.
1544 3673 1640 3713 xliv.
1663 3675 1729 3711 14.
