2384 4126
822 413 1009 446 SANCTI
1051 412 1380 447 CUTHBERTI.
1955 397 2056 446 163

142 548 395 603 servatur,
434 558 532 591 nec
577 539 703 590 alibi
744 539 848 589 nisi
890 538 988 589 sub
1024 557 1085 589 eo
1121 538 1294 589 vivere
1330 539 1487 599 valet,
1529 537 1668 587 sicut
1704 537 1818 588 aliae
1855 544 2056 603 gentes,

144 631 261 679 quae
302 613 358 662 in
403 611 669 663 extraneis
721 629 869 677 aeque
921 617 980 661 ut
1022 611 1077 660 in
1130 610 1353 677 propriis
1403 610 1596 676 degere
1640 609 1816 659 sciunt
1858 609 2049 673 terris,)

140 690 292 734 tanta
325 684 380 733 in
413 702 474 734 eo
501 683 745 734 tuitionis
774 683 1047 744 securitas,
1087 688 1149 732 ut
1174 681 1347 732 nullas
1376 681 1757 731 adversitatum
1784 698 1917 747 pene
1942 698 2058 746 per-

139 755 384 806 timescat
428 755 668 823 injurias.
765 755 886 805 Hoc
926 761 1109 804 tamen
1151 754 1291 820 quod
1332 759 1485 803 tanta
1525 770 1614 803 eos
1653 753 1850 819 pietate
1892 752 1958 801 ad
2004 769 2059 802 se

141 827 507 893 confugientes
536 826 600 877 ab
629 826 939 877 adversariis
966 844 1101 892 saepe
1126 825 1490 887 vindicaverit,
1529 825 1593 875 de
1621 842 1724 891 quo
1751 824 1808 873 in
1835 841 2057 890 sequen-

139 898 282 949 tibus
328 899 568 965 quaedam
616 897 870 960 dicemus,
910 898 1148 964 ipsorum
1194 896 1416 958 meritis,
1457 915 1578 947 cum
1625 901 1816 963 praeter
1866 912 2060 962 paucos

139 988 419 1037 pravorum
463 984 680 1020 actuum
724 969 967 1020 homines
1010 969 1136 1031 sint,
1181 968 1361 1019 nullus
1404 968 1631 1035 applicet
1651 989 1664 1029 3
1722 967 1814 1018 sed
1859 967 1914 1017 in
1958 966 2061 1016 hoc

140 1048 400 1108 quantum
426 1041 624 1092 fidendi
649 1041 873 1092 firmitas
899 1042 1089 1103 valeat,
1131 1058 1449 1107 magnopere
1488 1040 1710 1107 quisque
1743 1039 2058 1089 consideret.

140 1114 291 1164 Tunc
329 1132 558 1181 namque
595 1132 686 1180 per
723 1114 826 1164 Dei
858 1113 1246 1180 providentiam
1282 1120 1335 1163 01
1371 1112 1692 1162 sanctissimi
1728 1110 2061 1161 Confessoris

140 1186 470 1236 voluntatem
507 1185 750 1252 contigit,
791 1186 1041 1252 quatinus
1076 1203 1197 1235 cum
1238 1184 1622 1251 pretiosissimo
1657 1183 1792 1234 sacri
1828 1182 2058 1249 corporis

142 1258 224 1307 sui
269 1258 515 1308 thesauro
555 1258 716 1323 longo
758 1263 996 1324 tempore
1037 1257 1349 1323 migrantes,
1405 1261 1576 1306 totam
1626 1274 1761 1322 pene
1806 1273 2057 1322 pervaga-

139 1336 326 1379 rentur
366 1335 581 1380 terram.
658 1329 953 1396 Episcopus
989 1336 1246 1392 autem-et
1286 1327 1465 1390 abbaS,
1504 1334 1721 1394 propter
1746 1327 2060 1377 diuturnum

139 1401 376 1452 laborem
402 1401 562 1451 nimis
588 1401 806 1451 tandem
833 1401 1061 1452 confecti
1087 1400 1262 1462 taedio,
1301 1406 1362 1449 ut
1389 1400 1497 1449 suis
1524 1401 1684 1449 finem
1710 1398 1980 1449 laboribus
2009 1405 2061 1448 01

141 1480 324 1523 5311010
352 1473 558 1539 corpori
585 1473 763 1523 sedem
789 1472 846 1522 in
877 1472 1139 1522 Hibernia
1166 1477 1482 1538 quaererent,
1511 1478 1699 1521 mutuo
1720 1471 1861 1521 inter
1887 1488 1941 1521 50
1967 1470 2061 1520 (1111

140 1545 361 1595 consilio
395 1544 725 1595 ventilabant
743 1565 757 1606 3
806 1545 1098 1610 praesertim
1131 1543 1255 1610 quia
1289 1543 1494 1593 nullam
1532 1542 1589 1592 in
1624 1550 1739 1592 tota
1778 1542 1878 1592 hac
1919 1549 2062 1592 terra

139 1616 449 1667 remanendi
490 1634 636 1683 spem
680 1616 965 1666 habebant.
1059 1615 1290 1665 Proinde
1333 1614 1583 1665 adhibitis
1616 1614 1682 1664 ad
1715 1614 1816 1664 hoc
1853 1631 2061 1680 quoque

138 1688 203 1738 de
244 1688 491 1738 omnibus
533 1688 623 1754 qui
669 1687 1015 1754 sapientiores
1057 1693 1209 1737 erant
1255 1692 1307 1736 et
1353 1692 1510 1737 aetate
1553 1686 1923 1752 provectiores,
1980 1685 2062 1734 sui

139 1767 341 1810 secreta
382 1759 588 1810 consilii
634 1759 709 1810 eis
749 1759 1070 1825 pandebant.
1163 1758 1372 1808 Placuit
1416 1758 1596 1824 itaque
1638 1757 1746 1807 illis
1789 1757 1890 1807 hoc
1936 1774 2059 1806 con-

138 1831 332 1894 silium,
375 1838 427 1882 et
467 1836 500 1858 “
520 1831 864 1893 Evidenter,”
905 1830 1174 1897 inquiunt,
1217 1830 1326 1879 “in
1368 1836 1512 1880 terra
1546 1828 1826 1896 peregrina
1856 1829 2061 1895 requie-

138 1908 171 1930 “
196 1903 376 1953 scendi
417 1903 593 1953 locum
638 1921 871 1970 quaerere
919 1920 1214 1964 monemur,
1270 1901 1395 1968 quia
1431 1901 1534 1952 nisi
1579 1901 1679 1952 hoc
1725 1901 1828 1951 Dei
1873 1900 2063 1951 fuisset

139 1979 173 2001 ((
195 1975 439 2025 voluntas
459 1975 728 2042 ipsiusque
752 1975 954 2036 Sancti,
983 1974 1332 2042 proculdubio
1354 1973 1677 2041 jampridem
1700 1979 1752 2024 et
1780 1990 1888 2023 51130
1910 1991 2060 2023 5300-

140 2051 172 2073 ((
195 2047 340 2097 111311
358 2047 507 2097 100115
525 2047 589 2097 3(1
611 2046 1053 2114 requiescendum
1075 2046 1389 2112 condignUS,
1410 2052 1462 2096 et
1479 2045 1632 2096 nobis
1650 2045 1715 2095 ad
1736 2044 2062 2095 manendum

138 2123 171 2145 “
192 2125 522 2185 opportunus
560 2119 749 2170 fuisset
788 2118 1087 2185 provisus.'’
1167 2119 1300 2169 Haec
1334 2117 1414 2167 illi
1434 2138 1448 2179 3
1492 2117 1584 2168 sed
1609 2116 2061 2184 incomprehensi-

135 2190 260 2240 bilis
286 2191 390 2241 Dei
416 2190 677 2257 sapientia
697 2196 749 2241 et
769 2190 1055 2241 ineffabilis
1080 2189 1461 2250 misericordia,
1483 2190 1596 2256 jam
1620 2189 1832 2256 quidem
1854 2188 2062 2239 labores

139 2280 322 2312 eorum
365 2262 737 2325 determinare,
779 2262 980 2329 Suique
1023 2261 1337 2312 confessoris
1369 2261 1543 2311 laetius
1576 2260 1767 2311 merita
1794 2260 2062 2311 declarare

141 2334 325 2396 voluit,
367 2334 457 2384 sed
493 2334 670 2385 altiori
711 2340 764 2385 et
807 2334 903 2384 Sui
939 2334 1100 2384 solius
1145 2333 1365 2384 consilio
1406 2332 1518 2383 11300
1563 2332 1736 2383 facere
1780 2331 2059 2398 disposuit.

141 2407 286 2472 Ergo
329 2405 395 2455 ad
436 2406 633 2457 ostium
678 2406 931 2467 fluminis,
972 2405 1062 2471 qui
1103 2405 1380 2455 Dirwenta
1421 2404 1579 2470 vulgo
1625 2404 1837 2466 dicitur,
1877 2421 2062 2454 omncs

142 2477 302 2527 simul
343 2477 636 2544 episcopus,
677 2477 855 2539 abbas,
892 2483 944 2527 et
978 2477 1205 2544 populus
1244 2475 1583 2527 conveniunt.
1661 2475 1747 2526 Ab
1781 2475 1883 2525 hoc
1919 2476 2061 2526 enim

143 2549 305 2599 maris
341 2555 500 2615 portu
545 2549 747 2600 facilior
789 2567 848 2600 ac
892 2548 1100 2599 brevior
1139 2554 1286 2615 patet
1330 2547 1588 2598 transitus
1637 2547 1694 2596 in
1743 2546 2061 2597 Hiberniam

142 2620 501 2672 tendentibus
580 2620 666 2671 Ibi
700 2621 849 2671 navis
891 2620 956 2671 ad
996 2620 1453 2687 transponendum
1484 2625 1720 2686 paratur,
1759 2619 2061 2670 venerabile

142 2692 307 2759 patris
339 2709 527 2759 corpus
561 2692 871 2759 imponitur,
913 2710 1034 2743 cum
1071 2692 1313 2759 episcopo
1347 2698 1400 2743 et
1436 2691 1627 2742 abbate
1661 2690 1834 2758 pauci,
1868 2691 2060 2757 quibus

142 2764 244 2815 hoc
273 2764 580 2815 innotuerat
615 2764 914 2827 consilium,
954 2764 1345 2831 ingrediuntur,
1401 2763 1606 2814 caeteris
1647 2762 1896 2813 omnibus
1936 2763 2061 2829 quid

144 2854 300 2902 agere
349 2836 547 2887 vellent
596 2836 986 2903 ignorantibus.
1081 2836 1185 2887 Sed
1237 2836 1364 2903 quid
1415 2835 1727 2885 moramur?
1812 2835 1980 2885 Sociis
2033 2854 2062 2885 a

142 2908 323 2958 littore
368 2926 422 2958 se
464 2908 828 2974 spectantibus
869 2909 982 2959 vale
1024 2908 1226 2970 dicunt,
1282 2907 1525 2959 secundis
1565 2907 1683 2957 vela
1717 2906 1930 2956 flatibus
1972 2925 2059 2957 ex-

142 2980 381 3046 pediunt,
421 2987 566 3031 recto
592 2999 772 3031 versus
804 2980 1122 3031 Hiberniam
1149 2980 1315 3030 ductu
1340 2997 1552 3046 proram
1580 2978 1835 3045 dirigunt.
1914 2979 2062 3029 Tunc

143 3052 260 3117 quis
286 3058 441 3119 putas
461 3070 651 3103 maeror
670 3052 833 3103 fuerit
853 3052 1243 3103 residentium?
1272 3052 1389 3118 quis
1409 3051 1655 3118 planctus
1682 3050 2060 3100 maerentium?

145 3124 280 3174 Quis
320 3124 496 3174 luctus
522 3124 878 3175 dolentium?
954 3125 1023 3174 In
1066 3130 1263 3175 terram
1310 3129 1583 3185 corruunt,
1630 3122 1841 3189 pulvere
1888 3122 2062 3188 capita

141 3202 475 3261 respergunt,
515 3202 685 3246 vestes
727 3196 995 3258 scindunt,
1035 3203 1250 3263 pectora
1289 3194 1554 3262 lapidibus
1598 3194 1895 3261 pugnisque
1935 3211 2058 3243 con-

143 3266 397 3328 tundunt,
437 3274 489 3317 et
515 3267 572 3317 in
597 3268 905 3335 hujusmodi
931 3286 1083 3318 voces
1110 3268 1325 3318 tandem
1355 3267 1515 3317 simul
1541 3284 1726 3317 omnes
1754 3272 2058 3332 erumpunt.

146 3341 180 3363 “
205 3337 330 3387 Heu
373 3337 569 3400 miseri,
608 3357 705 3389 nos
747 3339 804 3389 in
848 3346 1089 3406 tempora
1127 3339 1240 3390 haec
1274 3338 1508 3389 infelicia
1549 3356 1643 3388 cur
1676 3337 1791 3387 0311
1833 3337 2060 3386 sumus?

146 3412 182 3434 “
202 3409 301 3469 Tu,
333 3415 482 3474 pater
517 3416 569 3459 et
608 3417 828 3477 patrone
858 3418 1057 3472 noster,
1097 3429 1164 3461 en
1199 3417 1453 3477 tanquam
1494 3409 1732 3489 captivus
1758 3408 1814 3457 in
1842 3407 2061 3458 exilium

146 3483 180 3506 “
204 3479 439 3541 duceris3
482 3497 594 3542 005,
635 3487 887 3548 tanquam
922 3500 1045 3533 oves
1083 3483 1332 3549 luporum
1363 3481 1631 3542 dentibus,
1677 3480 1752 3529 ita
1790 3478 1969 3528 11115011
2007 3484 2060 3528 01

146 3550 397 3616 “captivi
441 3551 748 3602 adveisaiiis
789 3554 1104 3620 exponimur
1145 3553 1502 3605 saevientibus
1509 3553 1541 3576 ''
1617 3552 1734 3601 Nec
1775 3550 1853 3599 illi
1889 3549 2057 3615 plura

148 3623 189 3672 C
194 3622 417 3672 00110110
459 3623 604 3673 venti
647 3630 942 3687 mutantur,
988 3626 1180 3675 fluctus
1218 3626 1635 3675 intumescentes
1677 3620 1969 3682 elevantui,
2008 3627 2060 3671 et

144 3693 284 3760 quod
311 3712 454 3743 nunc
481 3701 593 3744 erat
625 3695 974 3761 tranquillum
1011 3703 1169 3762 atque
1205 3695 1600 3747 serenissimum
1637 3710 1782 3743 mare
1823 3693 1883 3742 fit
1922 3699 2056 3743 tem-

1659 3781 1698 3814 11
1740 3767 1770 3815 2
