2384 4126
362 394 470 442 240
1122 410 1398 443 APPENDIX
1437 411 1523 443 111.

363 534 699 601 loquebatur,
752 535 809 584 in
859 534 1132 601 omnibus]
1184 552 1301 601 quae
1353 535 1561 601 agebat,
1613 535 1868 602 [caelestia
1918 554 1971 586 se
2024 535 2281 602 cogitare]

361 606 690 658 ostendebat.

1291 761 1359 810 V.

800 866 1060 924 Quomodo
1077 866 1186 931 filii
1213 868 1421 917 honeste
1457 867 1669 934 [matriti
1694 866 1850 932 sint]

467 994 608 1044 “Nec
643 993 906 1044 minorem
943 1011 1104 1060 quam
1138 993 1369 1056 sibimet,
1413 993 1535 1043 filiis
1571 1012 1754 1044 curam
1788 992 2130 1060 impendebat
2147 1013 2161 1053 ,-
2205 997 2284 1054 ut,

359 1065 623 1127 videlicet,
671 1083 794 1115 cum
838 1066 988 1116 omni
1037 1065 1318 1131 diligentia
1360 1065 1713 1126 nutrirentur,
1756 1072 1809 1116 et
1854 1083 2014 1131 quam
2052 1064 2284 1114 maxime

357 1136 599 1187 honestis
625 1137 861 1187 moribus
887 1137 1318 1187 instituerentur.
1396 1137 1557 1187 Unde
1602 1138 1727 1203 quia
1767 1137 1967 1187 sciebat
2006 1136 2281 1202 scriptum,

364 1210 462 1266 Qui
478 1210 663 1274 parcit
697 1209 855 1274 viryoe
890 1209 999 1259 odit
1029 1208 1243 1273 filiuon,0
1278 1208 1529 1258 familiari
1568 1209 1811 1258 ministro
1853 1209 2179 1274 injunxerat,
2221 1215 2283 1257 ut

358 1281 566 1346 quoties
592 1280 831 1330 infantili
856 1280 1074 1330 lascivia
1108 1280 1496 1346 delinquerent,
1538 1280 1675 1330 sicut
1711 1287 1839 1330 aetas
1873 1280 1966 1330 illa
2001 1280 2152 1341 solet,
2194 1297 2281 1330 eos

354 1352 468 1418 ipse
495 1352 655 1402 minis
682 1360 735 1402 et
761 1351 1069 1423 verberibus
1096 1358 1377 1402 coerceret.
1446 1353 1567 1404 Quo
1593 1352 1843 1418 religioso
1870 1352 2054 1402 matris
2084 1352 2279 1413 studio,

352 1424 551 1474 multos
580 1424 670 1490 qui
694 1424 1050 1491 provectiores
1084 1430 1240 1474 aetate
1265 1424 1480 1474 fuerant
1505 1442 1713 1474 morum
1742 1424 2021 1474 honestate
2047 1421 2279 1473 infantes

350 1496 834 1547 transcendebant:
878 1514 1087 1562 semper
1112 1496 1254 1547 inter
1280 1514 1334 1546 se
1360 1495 1603 1557 benevoli
1638 1496 1937 1546 existebant
1973 1502 2026 1546 et
2046 1496 2277 1562 pacifici,

353 1574 407 1618 et
458 1568 636 1618 minor
685 1568 884 1634 ul·)ique
934 1568 1193 1618 honorem
1246 1568 1530 1619 exhibebat
1579 1568 1786 1635 majori.
1865 1568 2024 1618 Unde
2060 1574 2113 1618 et
2138 1568 2281 1618 inter

350 1640 633 1690 missarum
664 1640 961 1701 sollemnia,
991 1657 1114 1690 cum
1144 1646 1266 1707 post
1301 1647 1548 1707 parentes
1576 1640 1642 1690 ad
1669 1640 2001 1691 offerendum
2028 1640 2275 1706 procede-

349 1719 488 1773 rent,
525 1712 710 1779 junior
753 1713 1013 1779 majorem
1054 1712 1343 1778 praevenire
1388 1712 1537 1762 nullo
1581 1713 1740 1763 modo
1781 1712 2138 1778 praesumpsit,
2186 1712 2278 1762 sed

349 1784 645 1834 secundum
674 1784 848 1834 aetatis
875 1783 1118 1834 ordinem
1147 1785 1318 1851 major
1352 1784 1622 1850 juniorem
1659 1785 1955 1851 praecedere
1983 1784 2274 1834 consuevit.

352 1856 501 1906 Quos
542 1856 733 1922 saepius
770 1861 893 1905 ante
935 1873 990 1906 se
1030 1856 1235 1918 ductos,
1274 1856 1550 1906 Christum
1586 1863 1640 1906 et
1679 1856 1838 1906 fidem
1866 1856 2085 1917 Christi,
2121 1857 2278 1923 juxta

348 1927 490 1993 quod
518 1934 645 1978 aetas
673 1927 766 1977 illa
793 1945 978 1994 capere
1004 1934 1231 1993 poterat,
1259 1927 1476 1989 docere,
1519 1934 1590 1989 et,
1618 1934 1681 1977 ut
1707 1929 1849 1978 Eum
1882 1945 2089 1994 semper
2118 1928 2273 1978 time-

347 2006 485 2061 rent,
540 2000 826 2065 diligenter
876 1999 1125 2049 studebat
1177 2000 1480 2050 admonere.
1574 2004 1607 2026 “
1629 1999 1893 2062 Timete,'’
1935 1999 2130 2066 inquit,
2180 2001 2272 2051 “O

346 2076 381 2098 “
402 2071 514 2133 filii,
538 2071 851 2133 Dominum,
880 2072 1133 2129 Quoniam
1154 2089 1255 2122 non
1276 2072 1376 2122 erit
1396 2072 1573 2137 inopia
1596 2072 1894 2122 timentibus
1914 2072 2052 2121 Eum
2070 2080 2115 2131 ;P
2151 2077 2203 2122 et
2231 2072 2272 2121 si

348 2148 382 2170 “
404 2145 546 2193 Eum
575 2143 884 2205 dilexeritis,
922 2143 1045 2210 Ipse
1084 2143 1248 2205 vobis,
1277 2161 1307 2193 o
1343 2144 1546 2194 viscera
1571 2162 1707 2205 mea,
1747 2150 1801 2194 et
1840 2143 2115 2210 praesentis
2150 2144 2272 2194 vitae

346 2219 381 2241 “
401 2216 827 2281 prosperitatem,
861 2221 914 2265 et
942 2233 1063 2265 cum
1092 2215 1304 2265 Sanctis
1331 2216 1579 2266 omnibus
1609 2221 1861 2265 aeternam
1889 2215 2074 2265 reddet
2100 2215 2269 2266 felici-

346 2291 380 2314 “
404 2287 630 2337 tatem.”
710 2287 843 2337 Haec
869 2287 1055 2337 matris
1085 2287 1362 2349 desideria,
1400 2287 1512 2338 haec
1540 2287 1849 2349 admonitio,
1894 2287 2006 2337 haec
2043 2305 2139 2354 pro
2178 2306 2273 2337 sua

345 2358 526 2409 sobole
552 2358 638 2409 die
663 2364 934 2425 noctuque
962 2376 1085 2409 cum
1111 2359 1360 2426 lacrymis
1389 2359 1578 2420 oratio,
1607 2365 1668 2423 ut
1696 2378 1852 2409 suum
1881 2359 2190 2409 Creatorem
2216 2360 2272 2409 in

331 2430 444 2496 fide
496 2448 606 2497 quoe
644 2449 748 2497 per
799 2431 1127 2482 dilectionem
1179 2437 1448 2496 operatum
1500 2437 1869 2498 agnoscerent,
1936 2431 2272 2497 agnoscendo

343 2502 597 2565 colerent,
626 2502 849 2554 colendo
876 2503 933 2552 in
959 2503 1208 2554 omnibus
1236 2509 1288 2553 et
1324 2521 1482 2570 super
1523 2503 1704 2553 omnia
1739 2503 2040 2568 diligerent,
2070 2510 2122 2553 et
2150 2504 2269 2553 dili-

343 2574 517 2641 gendo
545 2575 611 2626 ad
639 2574 865 2626 caelestis
893 2575 1046 2642 regni
1071 2574 1283 2626 felicem
1310 2575 1536 2642 gloriam
1563 2575 1917 2642 pervenirent.

1249 2779 1351 2829 VI.

347 2883 565 2951 [Quam]
601 2883 837 2934 studiosa
853 2882 1026 2949 fuerit
1052 2884 1107 2935 in
1135 2885 1369 2947 lectione,
1407 2884 1565 2952 [queo]
1577 2885 1738 2936 rendo
1765 2885 1820 2935 in
1852 2886 1950 2935 hac
1977 2903 2077 2936 non
2103 2887 2267 2936 solum

816 2973 966 3005 suam
993 2957 1088 3006 sed
1112 2958 1270 3007 etiam
1298 2958 1521 3007 aliorum
1547 2958 1784 3008 salutem.

443 3081 580 3131 rNec
641 3080 947 3131 mirandum
1014 3082 1155 3148 quod
1216 3083 1426 3149 sapiens
1484 3083 1670 3149 regina
1729 3089 1880 3133 tanto
1933 3101 1987 3134 sc
2039 3102 2268 3152 suosque

339 3153 602 3220 regimine
628 3153 1024 3215 moderabatur,
1054 3172 1171 3221 quae
1208 3155 1601 3220 sapientissimo
1643 3173 1805 3206 sacrae
1840 3173 2048 3222 semper
2089 3158 2265 3224 Scrip-

339 3229 475 3275 turae
524 3224 834 3291 magisterio
878 3225 1183 3291 regebatur.
1259 3226 1424 3288 Nam,
1472 3227 1612 3293 quod
1655 3245 1753 3293 ego
1794 3227 1850 3277 in
1895 3227 1990 3277 illa
2034 3229 2266 3279 multum

339 3296 590 3346 admirari
630 3296 883 3358 solebam,
924 3297 1067 3347 inter
1111 3315 1392 3347 causarum
1437 3299 1719 3362 tumultus,
1761 3298 1903 3349 inter
1941 3300 2265 3366 multiplices

334 3369 488 3435 regni
515 3386 685 3431 curas,
713 3368 849 3418 miro
878 3368 1055 3418 studio
1082 3369 1292 3419 Divinae
1317 3370 1535 3420 lectioni
1571 3389 1789 3437 operam
1832 3371 2024 3432 dabat3
2068 3372 2132 3422 de
2160 3391 2265 3438 qua

339 3458 460 3491 cum
498 3439 817 3490 doctissimis
856 3440 1211 3490 assidentibus
1239 3441 1364 3491 Viris
1403 3442 1563 3493 etiam
1600 3442 1822 3493 subtiles
1864 3443 2054 3509 saepius
2094 3462 2265 3510 quaes„-

612 3597 630 3614 ⁷²
662 3589 771 3629 Blue
791 3591 875 3630 and
893 3590 966 3631 red
985 3590 1123 3632 letter.
1540 3602 1556 3619 ⁰
1586 3594 1710 3636 Prov.
1732 3595 1818 3636 xiii.
1841 3599 1906 3637 24.

612 3653 631 3676 Ρ
663 3645 804 3684 Psahn
825 3646 970 3686 xxxiii.
996 3650 1060 3686 10.
1542 3657 1558 3681 ‘1
1589 3651 1667 3701 Ep.
1689 3651 1752 3690 ad.
1776 3651 1867 3691 Gal.
1889 3665 1926 3691 v.
1945 3654 1983 3691 G.

1155 3710 1168 3726 ²·
1201 3701 1291 3742 1th
1310 3702 1449 3744 letter.
