2384 4126
313 378 421 429 222
1101 392 1381 426 APPENDIX
1422 394 1459 425 1.

425 520 681 588 Anglieaoe
707 519 1010 584 Britannia,
1044 519 1231 572 oceani
1256 519 1450 583 insula,
1491 518 1721 571 elimatis
1749 517 1975 582 occidui,
2009 522 2247 569 extremo

315 612 452 662 pene
479 594 590 645 situ
624 592 690 644 ab
722 592 851 645 orbe
878 593 1100 656 seclusa,
1143 592 1201 643 in
1235 592 1431 660 frigida
1464 592 1623 659 plaga
1658 591 1921 659 aquilonis
1957 590 2148 658 posita,
2190 589 2249 640 in

318 666 511 717 ultima
554 665 721 717 ferme
765 664 909 717 orbis
953 665 1196 732 margine
1242 664 1361 728 sita,
1411 664 1555 716 inter
1598 681 1785 715 omnes
1823 664 1906 714 vel
1950 662 2123 730 prima
2165 662 2251 713 vel

316 739 597 801 maximast
625 757 652 789 a
682 737 1021 806 quibusdam,
1044 737 1169 805 quia
1194 755 1393 789 oceano
1414 736 1792 804 circumgirata
1818 741 1917 798 est,
1946 735 2080 786 alter
2106 734 2249 785 orbis

317 811 634 879 appellatur.
713 810 902 861 Insula
943 809 1204 877 singulari
1239 809 1609 876 amplitudine,
1646 808 1996 875 omniumque
2023 807 2251 858 aliarum

319 884 482 934 decus
545 890 599 934 et
661 883 849 950 gloria,
915 900 1077 949 quam
1140 882 1270 933 olim
1324 881 1547 934 Carolus
1612 881 1851 948 Magnus
1901 879 2249 947 provinciam,

319 956 562 1007 omnium
587 955 854 1007 bonorum
879 954 1157 1006 fertilitate
1184 960 1238 1005 et
1265 954 1433 1022 copia,
1462 971 1731 1005 eameram
1757 971 1911 1003 suam
1936 951 2177 1003 vocabat.

540 1141 781 1192 Danezaya.
1192 1138 1501 1190 Mercenezaya.
1709 1137 2123 1189 West-Saxenezaya.

489 1249 793 1291 Suthfolcsoire
1128 1247 1294 1288 Easexa
1685 1246 1933 1288 Kent-soire

487 1304 826 1346 Northfoloseire
1129 1302 1420 1343 Middleseaxa
1687 1302 1858 1343 Surreie

488 1359 872 1412 Grantbrugeseire
1130 1358 1416 1399 Heorteforde
1687 1357 1924 1398 Suthseaxa

486 1415 805 1457 Lineolnascire
1128 1413 1377 1454 Huntedun
1685 1412 1912 1454 Hamtune

489 1471 683 1512 Everwie
1130 1469 1343 1510 Bedeford
1686 1468 1994 1509 Wiltuneseira

489 1526 800 1579 Snotingeham
1130 1524 1425 1577 Bukyngham
1688 1523 2038 1565 Sumersetaseire

487 1582 757 1623 Deorbiscire
1133 1579 1354 1620 Oxenford
1687 1579 1975 1620 Dorsetaseire

489 1638 672 1678 Stafford
1130 1635 1437 1676 Norhamtune
1688 1634 1969 1675 Devenaseire

488 1693 654 1734 Seaster
1131 1690 1405 1743 Legercester
1688 1690 1936 1731 Berohscire

487 1747 775 1790 Screobescire
1131 1745 1428 1786 Warwiosoire

1133 1800 1487 1842 Glousestersoire

404 1859 765 1921 Woroestershire
814 1877 899 1918 and
940 1876 1269 1918 Herefordshire
1316 1889 1386 1917 are
1433 1874 1625 1917 omitted.
1703 1875 1900 1926 stafford,
1942 1875 2132 1927 Chester,
2177 1878 2260 1916 and

324 1935 575 1988 Shropshire
596 1947 667 1975 are
682 1933 942 1974 transferred
962 1933 1071 1972 from
1087 1931 1416 1984 Merehenelaga
1430 1934 1476 1971 to
1492 1931 1723 1983 Denelaga,
1743 1932 1828 1971 and
1847 1932 1992 1982 Essex,
2007 1932 2259 1982 MiddleseX‚

323 1990 662 2040 Hertfordshire,
691 1988 1114 2040 Huntingdonshire‚
1149 1986 1463 2037 Bedfordshire,
1498 1986 1933 2038 Buckinghamshire,
1968 1987 2259 2038 Oxfordshire‚

322 2044 779 2098 Northamptonshire‚
807 2044 892 2084 and
921 2043 1250 2084 Leieestershire
1281 2055 1351 2083 are
1384 2042 1644 2083 transferred
1671 2043 1781 2083 from
1814 2042 2034 2095 Denelaga
2063 2044 2108 2083 to
2140 2043 2259 2084 Mer-

323 2103 566 2198 ohepehaffias.
580 2155 817 2208 paragraph
837 2153 873 2194 is
893 2156 969 2194 not
988 2153 1034 2193 in
1054 2154 1129 2194 the
1148 2151 1344 2193 Arundel
1365 2152 1459 2194 MS.

404 2221 424 2246 y
454 2213 579 2253 Inter
609 2223 755 2252 omnes
784 2209 931 2250 oceani
957 2209 1118 2250 insulas
1148 2208 1377 2250 Britannia
1402 2210 1469 2249 vel
1497 2207 1634 2261 prima
1653 2208 1719 2249 vel
1745 2207 1959 2261 praecipua
1978 2209 2261 2250 est—Alured

326 2270 559 2319 Beverlac„
586 2267 613 2309 l.
633 2266 676 2318 i.‚
697 2267 797 2308 sect.
817 2265 872 2308 iv.
