2384 4126
738 404 1004 438 msromAE
1044 373 1471 439 comvnsftrziiioi‘
1524 391 1532 399 ⁴
1571 393 1574 399 ’
1735 389 1743 398 '
1789 386 1829 400 ‘⁴
1868 376 1897 393 ‘⁴
1943 372 2041 439 10¹1

129 539 164 563 “
183 532 428 593 vembriS,
470 529 561 581 sed
599 529 676 597 iiij
720 547 889 581 nonas
926 530 960 580 J
964 528 1170 580 anuarii
1206 548 1236 580 a
1269 529 1476 580 Thoma
1509 529 1836 581 Eboracensi
1871 530 2042 580 archi-

130 611 165 636 “
185 604 426 673 episcopo
453 607 790 653 consecratur
805 602 840 626 '⁹
870 601 1009 668 apud
1036 601 1360 652 Gloecestre.

236 675 503 726 Henricus
552 674 842 741 imperator
888 673 1295 724 Hiltibrandum
1345 691 1537 740 papam
1580 672 1639 722 in
1689 674 2045 724 Pentecosten

128 747 424 814 Mogontiae
451 745 689 797 decernit
714 745 1105 812 deponendum,
1146 751 1200 796 et
1225 745 1551 806 Wibertum,
1589 745 1860 796 Ravennae
1897 744 2043 795 urbis

130 819 448 887 episcopum,
499 817 557 867 in
606 817 775 868 natali
821 817 1005 868 Sancti
1050 817 1082 867 J
1087 816 1314 867 ohannis
1365 816 1625 884 Baptistae
1669 834 1764 884 pro
1812 834 1876 867 eo
1918 816 2045 867 fecit

130 909 335 960 papam.

974 977 1198 1010 MLxxxl.

235 1055 396 1105 Anno
423 1054 627 1121 M.lxxxj
662 1052 930 1104 Henricus
957 1070 1049 1103 rex
1073 1051 1344 1104 hostiliter
1382 1053 1613 1103 Romam
1646 1051 1895 1103 adversus
1924 1052 2045 1103 Hil-

126 1126 435 1178 tibrandum
461 1143 651 1193 papam
680 1124 828 1188 adiit,
857 1142 1171 1192 oppugnans
1198 1142 1335 1188 eam,
1363 1142 1473 1175 non
1498 1131 1682 1175 tamen
1707 1124 1945 1175 intravit.

967 1275 1215 1308 MLXXXII.

237 1354 398 1403 Anno
428 1351 653 1418 M.lxxxij
677 1350 863 1401 multis
888 1350 1192 1401 homicidiis
1218 1357 1272 1401 et
1291 1349 1708 1418 praedationibus
1734 1349 1875 1401 inter
1897 1350 2049 1401 Hen-

129 1425 301 1475 ricum
329 1442 507 1490 regem
534 1429 587 1474 et
616 1422 1027 1473 Hiltibrandum
1053 1440 1245 1490 papam
1273 1422 1424 1485 actiS,
1463 1422 1522 1472 in
1554 1428 1712 1473 nocte
1742 1422 2050 1473 Palmarum

132 1496 291 1546 multi
317 1501 442 1546 sunt
469 1495 645 1546 occisi.

951 1603 1225 1637 MLXXXIII.

239 1683 400 1732 Anno
427 1681 695 1748 M.lxxxiij,
726 1680 995 1732 Henricus
1020 1697 1114 1731 rex
1140 1679 1329 1730 urbem
1358 1680 1545 1731 Romae
1570 1678 1789 1747 infregit
1815 1685 1868 1730 et
1895 1679 2052 1747 cepit,

134 1753 438 1804 Wibertum
482 1753 537 1803 in
591 1753 713 1803 sede
765 1751 1055 1820 apostolica
1099 1751 1396 1802 constituit.
1508 1751 1888 1802 Hiltibrandus
1931 1770 2055 1803 vero

134 1827 502 1877 Beneventum
525 1824 672 1887 adiit,
699 1824 794 1875 ubi
819 1842 986 1891 usque
1015 1823 1081 1874 ad
1107 1823 1313 1874 obitum
1337 1841 1493 1874 suum
1515 1823 1716 1890 deguit.
1785 1823 2054 1874 Henricus

134 1904 313 1948 autem
329 1897 385 1947 in
401 1897 748 1948 Teutonicam
765 1896 995 1963 patriam
1011 1894 1186 1946 rediit.
1249 1895 1370 1946 Hoc
1392 1913 1532 1946 anno
1552 1895 1799 1946 monachi
1819 1895 2054 1962 primum

131 1969 187 2019 in
206 1969 538 2020 Dunelmum
565 1974 944 2031 convenerunt,
982 1967 1227 2036 (jubente
1257 1967 1551 2018 Guillelmo
1577 1985 1701 2035 rege
1727 1968 1947 2036 majore,
1980 1967 2049 2035 vij

132 2041 223 2092 kal
250 2042 282 2091 J
286 2041 417 2105 unii,
445 2040 579 2092 feria
604 2041 722 2109 vj.)2

966 2150 1226 2183 MLXXXIV.

241 2228 402 2278 Anno
438 2226 705 2294 M.lxxxiiij
745 2225 1144 2287 Hiltibrandus,
1185 2225 1356 2292 quiet
1384 2224 1696 2292 GregoriUS,
1737 2243 1874 2292 papa
1899 2224 2052 2276 obiit.

966 2376 1208 2409 MLXXXVI
1216 2398 1226 2408 .

249 2460 282 2482 “
299 2455 460 2505 Anno
513 2453 772 2520 M.lxxxvj.
792 2451 1186 2503 -Willelmus
1236 2468 1331 2501 rex
1381 2449 1509 2501 fecit
1561 2449 1790 2501 describi
1840 2468 2056 2502 omnem

137 2527 454 2593 “Angliam,
482 2530 745 2592 quantum
770 2530 926 2575 terrae
954 2523 1178 2590 quisque
1198 2522 1462 2573 baronum
1489 2539 1707 2572 suorum
1732 2522 2054 2589 possidebat,

139 2603 173 2627 “
191 2604 320 2666 quot
377 2597 620 2648 feudatos
671 2595 887 2657 milites,
951 2601 1082 2663 quot
1133 2611 1368 2657 carucas,
1425 2599 1556 2660 quot
1605 2594 1830 2644 villanos
1836 2603 1875 2656 ,a
1925 2601 2056 2661 quot

140 2673 172 2697 “
190 2669 457 2732 animalia,
483 2669 648 2719 immo
688 2673 948 2735 quantum
974 2667 1104 2718 vivae
1128 2666 1367 2734 pecuniae
1395 2665 1633 2733 quisquis
1669 2665 1972 2733 possidebat
1998 2666 2056 2716 in

139 2742 329 2793 “omni
354 2758 520 2808 regno
547 2740 699 2791 suo.''

954 2868 1221 2902 MLXXXVII
1231 2890 1240 2900 .

244 2948 406 2999 Anno
459 2945 941 3014 M.lxxxvij.—Hoc
987 2962 1127 2995 anno
1167 2943 1406 3011 reliquiae
1453 2943 1639 2994 Sancti
1688 2943 1941 2995 Nicholai
1990 2944 2056 2996 de

138 3020 341 3072 Mirrea
373 3019 432 3069 in
466 3020 760 3069 Barensem
795 3016 1196 3068 transferuntur
1231 3015 1517 3066 civitatem.
1596 3015 1876 3067 Aldwinus
1905 3016 2058 3067 Prior

136 3090 517 3143 Dunelmensis
545 3089 786 3141 decessit.

946 3226 987 3259 M
994 3226 1187 3259 LXXXVI
1194 3226 1212 3258 Ι
1219 3226 1237 3258 Ι
1245 3248 1255 3258 .

249 3303 461 3354 “Anno
488 3301 992 3369 M.lxxxviij.—Hoc
1038 3318 1178 3351 anno
1222 3300 1365 3351 inter
1401 3299 1658 3366 primates
1691 3299 1904 3366 Angliae
1941 3306 2060 3350 orta

140 3380 268 3427 “est
293 3374 573 3426 discordia.
650 3375 780 3424 Pars
823 3372 1024 3424 etenim
1064 3372 1330 3423 nobilium
1366 3371 1810 3422 Normannorum
1847 3371 2058 3422 favebat

223 3536 239 3553 ¹
270 3528 360 3568 The
374 3527 510 3568 words
528 3525 681 3566 within
699 3525 970 3577 parentheses
985 3536 1055 3564 are
1075 3524 1184 3563 from
1198 3523 1273 3563 the
1289 3522 1577 3573 Abbreviatio,
1597 3522 1691 3563 MS.
1708 3521 1820 3563 Cott.
1843 3521 1991 3573 Calig.,
2006 3520 2059 3564 A.

140 3582 228 3624 viii.
286 3582 342 3622 In
361 3583 434 3622 the
454 3581 620 3633 margin
641 3593 711 3621 are
730 3580 804 3620 the
824 3580 972 3629 words,
1003 3579 1203 3618 Monachi
1222 3579 1268 3617 in
1287 3579 1526 3619 Dunelmia.

223 3644 241 3661 α
271 3637 328 3677 In
346 3637 420 3677 the
440 3635 713 3677 Abbreviatio
733 3635 779 3674 in
798 3634 892 3674 MS.
914 3634 1084 3683 Cotton,
1105 3632 1311 3684 Caligula,
1330 3632 1383 3672 A.
1404 3632 1505 3682 viii„
1534 3632 1652 3672 these
1672 3631 1806 3671 words
1826 3642 1896 3671 are
1916 3630 2062 3680 added,

140 3691 166 3711 “
179 3693 221 3732 et
239 3691 556 3744 longitudinem
574 3692 617 3730 et
635 3689 908 3730 latitudinem
928 3688 1129 3729 silvarum
1149 3689 1191 3728 et
1209 3687 1472 3739 pratorum?
