2384 4126
772 398 1042 432 HrsroluAE
1083 399 1466 433 CONTINUATIO.
2002 386 2068 435 85

156 523 267 573 “in
312 522 385 574 eis
433 523 757 590 gravissime.
834 524 979 575 Nam
1020 524 1331 591 priusquam.
1372 530 1488 575 tota
1522 524 1706 575 civitas
1741 530 1881 575 esset
1922 542 2064 575 com-

155 599 190 622 “
211 594 385 656 busta,
446 595 654 646 Danica
703 595 885 646 classis
942 596 1246 662 supervenit
1295 596 1428 646 feria
1475 596 1572 664 ij,”
1624 601 1677 646 et
1727 595 1854 646 hinc
1904 596 2064 659 Dani,

151 665 299 716 illinc
339 666 768 734 Northymbrani
812 674 1177 734 expugnantes
1220 668 1490 718 “castella
1539 668 1723 718 eadem
1774 667 1858 718 die
1901 667 2064 718 infre-

153 741 187 764 “
208 743 417 803 gerunt.
494 739 566 788 Et
614 738 735 805 plus
784 738 955 789 tribus
1007 739 1245 790 millibus
1289 757 1353 789 ex
1395 739 1725 789 Normannis
1761 738 2062 801 trucidatis,

152 812 184 835 “
205 808 478 859 Willelmo
505 810 735 872 Malet,'’
764 810 855 876 qui
880 816 1010 860 tunc
1038 810 1467 861 vicecomitatum
1496 810 1730 877 gerebat,
1765 815 1799 838 “
1817 828 1939 860 cum
1967 828 2063 861 sua

152 885 185 908 “
208 881 434 948 conjuge
476 886 528 931 et
572 881 778 931 duobus
820 881 1057 944 liberis,''
1099 888 1152 933 et
1194 882 1472 933 Gileberto
1502 883 1567 933 de
1603 882 1751 932 Gant
1783 881 2061 948 “aliisque

150 952 481 1018 “perpaucis
527 953 649 1003 vitae
694 953 991 1016 reservatis,
1037 971 1197 1004 naves
1245 954 1388 1004 Dani
1439 970 1560 1003 cum
1604 953 1900 1004 innumeris
1946 972 2058 1004 ma-

149 1027 183 1050 “
203 1023 437 1085 nubiis,”
479 1042 707 1091 suasque
734 1024 881 1075 sedes
909 1025 1238 1091 repetierunt
1263 1025 1637 1092 Northymbri.
1716 1030 1749 1052 “
1771 1024 1930 1078 Quod
1966 1025 2059 1076 ubi

146 1099 180 1121 “
201 1095 314 1161 regi
340 1095 613 1147 Willelmo
653 1096 907 1159 innotuit,
948 1097 1183 1147 exercitu
1215 1115 1339 1148 mox
1377 1102 1717 1164 congregato,
1757 1097 1814 1147 in
1852 1097 2057 1147 North-

147 1171 181 1195 “
203 1166 466 1233 ymbriam
487 1167 704 1218 efferato
730 1168 1028 1235 properavit
1050 1169 1245 1231 animo,
1268 1187 1489 1236 eamque
1514 1187 1607 1236 per
1633 1175 1803 1219 totam
1824 1168 2057 1219 hiemem

148 1242 181 1265 “
203 1237 491 1301 devastare,
530 1239 878 1306 hominesque
916 1240 1199 1303 trucidare,
1241 1246 1293 1291 et
1329 1241 1498 1291 multa
1533 1241 1635 1291 alia
1666 1258 1775 1291 non
1817 1240 2056 1291 cessabat

148 1314 182 1338 “
205 1308 376 1375 agere.
478 1311 694 1361 Interea
742 1311 946 1361 nuntiis
999 1311 1066 1362 ad
1122 1312 1391 1363 Danicum
1450 1312 1701 1363 comitem
1752 1312 2057 1363 Osbernum

148 1386 181 1408 “
202 1381 394 1443 missis,
435 1382 717 1449 spopondit
759 1400 815 1433 se
860 1383 1101 1433 clanculo
1133 1383 1385 1434 daturum
1422 1383 1502 1433 illi
1529 1401 1638 1434 non
1664 1384 1884 1434 modicae
1912 1402 2056 1433 sum-

147 1457 180 1480 “
203 1471 345 1502 mam
385 1454 639 1519 pecuniae,
681 1460 733 1504 et
777 1454 1162 1521 permissurum
1191 1455 1415 1506 licenter
1446 1456 1701 1506 exercitui
1732 1473 1828 1505 suo
1854 1455 2055 1505 victum

145 1529 180 1552 ‘⁶
202 1524 341 1574 circa
379 1525 520 1591 ripas
555 1525 715 1575 maris
750 1543 952 1592 rapere,
992 1544 1053 1576 ea
1083 1532 1264 1577 tamen
1290 1527 1607 1593 interposita
1632 1527 1954 1589 conditione,
1993 1533 2054 1576 ut

145 1596 315 1646 “sine
358 1614 540 1662 pugna
582 1596 875 1647 discederet
914 1603 1129 1664 peracta
1168 1597 1360 1649 hieme.
1439 1599 1539 1648 Ille
1575 1604 1771 1660 autem,
1812 1598 1927 1648 auri
1969 1616 2050 1647 ar-

143 1672 177 1694 “
200 1667 449 1733 gentique
490 1667 730 1734 cupiduS,
769 1685 879 1718 non
913 1668 1026 1719 sine
1066 1687 1262 1736 magno
1296 1669 1553 1720 dedecore
1585 1670 1667 1719 sui
1704 1669 1885 1736 petitis
1926 1687 2050 1720 con-

141 1743 176 1766 “
198 1738 412 1789 cessit.'’
667 1777 673 1783 .

247 1810 625 1861 “Normannis
670 1811 925 1877 Angliam
970 1811 1317 1875 vastantibus,
1369 1812 1426 1862 in
1471 1812 1847 1863 Northimbria
1896 1819 1949 1863 et
1993 1812 2052 1862 in

139 1885 173 1908 “
194 1881 511 1947 quibusdam
553 1882 668 1932 aliis
707 1883 991 1950 provinciis
1033 1902 1172 1934 anno
1207 1884 1543 1951 praecedenti,
1581 1884 1674 1935 sed
1713 1885 1962 1951 praesenti
1997 1891 2050 1936 et

139 1957 173 1980 “
194 1953 537 2020 subsequenti
575 1953 684 2005 fere
723 1972 816 2021 per
855 1961 1027 2006 totam
1060 1956 1332 2022 Angliam,
1372 1957 1603 2007 maxime
1629 1974 1722 2023 per
1747 1957 2046 2024 Northym-

137 2029 171 2051 “
194 2024 381 2086 briam,
421 2031 474 2075 et
508 2043 602 2092 per
633 2026 910 2093 contiguas
938 2027 1019 2078 1111
1044 2027 1359 2094 provinciaS,
1401 2028 1531 2079 adeo
1558 2028 1724 2079 fames
1752 2029 2048 2095 praevaluit,

136 2100 170 2123 “
191 2102 252 2146 ut
278 2096 518 2147 homines
551 2097 830 2161 humanas,
867 2099 1105 2165 equinas,
1143 2099 1377 2162 caninas,
1414 2106 1467 2150 et
1499 2100 1700 2151 catinas
1728 2101 1968 2163 carneS,''
1997 2107 2051 2151 et

136 2168 388 2235 quicquid
412 2187 538 2219 usus
566 2169 831 2232 abhorret,
861 2176 1084 2235 cogente
1110 2171 1289 2222 inedia
1314 2171 1653 2223 comederent
1674 2193 1683 2222 :
1726 2172 1817 2222 alii
1843 2190 1966 2223 vero
1993 2172 2051 2222 in

134 2240 442 2291 servitutem
468 2247 778 2307 perpetuam
804 2259 916 2293 sese
941 2243 1248 2305 venderent,
1278 2242 1566 2293 dummodo
1593 2243 2052 2310 qualitercumque

134 2311 492 2362 miserabilem
511 2313 676 2362 vitam
703 2331 789 2362 sus
799 2319 1065 2364 tentarent
1087 2334 1096 2364 :
1132 2314 1223 2364 alii
1248 2320 1399 2364 extra
1423 2315 1651 2381 patriam
1676 2315 1967 2381 profecturi
1993 2316 2050 2366 in

136 2382 372 2444 exilium,
400 2383 575 2433 medio
601 2383 791 2435 itinere
819 2384 1140 2447 deficienteS,
1170 2385 1372 2436 animas
1394 2386 1702 2436 emiserunt.
1768 2387 1901 2437 Erat
1926 2387 2049 2437 hor-

135 2471 223 2503 ror
249 2455 315 2504 ad
340 2454 661 2505 intuendum
686 2473 780 2522 per
806 2455 1008 2518 domos,
1030 2456 1233 2523 plateas
1255 2463 1307 2507 et
1328 2457 1522 2508 itinera
1543 2458 1796 2508 cadavera
1816 2458 2051 2509 humana

134 2525 366 2588 dissolvi,
407 2533 460 2577 et
486 2526 814 2577 tabescentia
838 2528 1120 2594 putredine
1148 2546 1268 2578 cum
1294 2528 1476 2579 faetore
1503 2529 1767 2580 horrendo
1794 2531 2051 2581 scaturire

135 2597 419 2648 vermibus.
496 2598 687 2665 Neque
715 2598 858 2649 enim
887 2606 1160 2666 supererat
1189 2600 1279 2667 qui
1305 2618 1367 2651 ea
1390 2601 1555 2651 humo
1588 2601 1896 2668 cooperiret,
1938 2620 2051 2652 om-

134 2668 292 2719 nibus
319 2669 400 2719 vel
428 2669 675 2728 extinctis
701 2670 878 2736 gladio
905 2677 957 2721 et
984 2671 1141 2733 fame,
1179 2672 1261 2722 vel
1298 2679 1511 2738 propter
1544 2673 1741 2723 famem
1767 2680 2051 2739 paternum

134 2740 306 2789 solum
341 2741 784 2807 relinquentibus.
863 2743 1079 2793 Interea
1117 2743 1192 2793 ita
1228 2749 1368 2793 terra
1395 2744 1599 2795 cultore
1627 2744 1901 2808 destituta,
1942 2746 2052 2797 lata

132 2811 329 2878 ubique
357 2812 589 2863 solitudo
615 2812 831 2880 patebat
858 2832 950 2880 per
975 2831 1167 2865 novem
1206 2819 1387 2866 annos.
1466 2817 1619 2866 Inter
1655 2816 2053 2886 Eboracumffct

132 2883 462 2934 Dunelmum
488 2877 753 2952 nusquam
773 2885 899 2936 villa
924 2885 1240 2948 inhabitata,
1262 2886 1555 2937 bestiarum
1580 2894 1794 2939 tantum
1815 2895 1868 2939 et
1888 2883 2051 2940 latro-

131 2972 263 3005 num
311 2955 537 3007 latibula
586 2975 782 3022 magno
828 2957 1207 3008 itinerantibus
1256 2958 1404 3009 fuere
1454 2959 1651 3010 timori.
1749 2961 1887 3010 Cum
1938 2962 2052 3012 haec

130 3026 359 3077 Eboraci
405 3027 607 3078 circum
653 3028 896 3095 circaque
937 3047 1029 3080 rex
1080 3035 1277 3096 ageret,
1323 3031 1631 3097 Agelwinus
1671 3032 2053 3083 Dunelmcnsis

133 3098 407 3165 episcopus
434 3105 487 3149 et
518 3099 801 3166 optimates
838 3101 1058 3167 populi,t
1084 3102 1334 3152 timentes
1362 3121 1447 3165 ne,
1481 3109 1698 3171 propter
1732 3104 2052 3155 occisionem

134 3174 186 3218 et
232 3170 477 3233 Comitis,
525 3177 578 3221 et
616 3171 1056 3222 Normannorum
1102 3174 1243 3239 apud
1292 3174 1612 3237 Eboracum,
1665 3176 1871 3241 gladius
1912 3177 2052 3242 regis

132 3238 443 3291 innocentes
491 3260 639 3308 aeque
683 3248 745 3292 ut
789 3250 1042 3294 nocentes
1093 3244 1208 3310 pari
1258 3245 1406 3296 clade
1455 3246 1766 3309 involveret,
1811 3249 2054 3298 unanimi

133 3312 353 3362 consilio
391 3313 641 3364 tollentes
680 3315 852 3365 sancti
891 3315 1057 3382 patris
1103 3316 1390 3367 Cuthberti
1431 3318 1823 3385 incorruptum}
1842 3337 2051 3385 corpus,

132 3380 316 3446 fugam
349 3382 539 3434 ineunt
564 3384 619 3451 iij
655 3385 773 3436 idus
802 3386 1133 3449 Decembris,
1162 3387 1293 3438 feria
1318 3389 1387 3455 vj.
1453 3389 1691 3440 Primam
1715 3390 2048 3441 mansionem

132 3451 435 3503 habuerunt
478 3454 536 3504 in
581 3456 824 3519 Girvum,
878 3458 1166 3508 secundam
1210 3459 1267 3509 in
1310 3460 1682 3527 Betlingetun,
1734 3461 1950 3511 tertiam
1993 3461 2051 3510 in

214 3620 225 3642 t
256 3618 358 3658 This
378 3622 557 3659 account
577 3621 622 3660 of
647 3622 720 3662 the
752 3625 906 3664 retreat
933 3625 979 3664 of
1004 3625 1163 3677 Bishop
1184 3626 1401 3678 Egelwine
1426 3630 1469 3667 to
1491 3628 1776 3681 Holy‘Island
1798 3628 1832 3668 is
1853 3628 1959 3670 from
1982 3629 2054 3670 the

132 3672 312 3725 History
332 3673 378 3713 of
402 3674 475 3714 the
495 3673 667 3715 Church
689 3676 734 3716 of
758 3677 966 3729 Durham,
997 3679 1069 3729 iii„
1093 3683 1157 3721 15,
