2384 4126
775 394 962 427 sANcri
1003 394 1332 427 cUTHBERTI.
1905 377 2002 428 161

99 526 131 547 ((
155 520 332 571 Quare
374 538 517 570 nunc
554 538 767 570 omnem
803 520 1036 570 tristitiae
1066 527 1323 586 postpone
1359 526 1644 585 torporem,
1686 525 1843 585 atque
1882 535 2004 568 cum

97 597 131 619 “
153 592 383 642 crastina
408 592 639 658 primum
661 610 850 642 aurora
873 592 1188 653 rutilaverit,
1211 591 1273 641 ad
1299 591 1598 657 proximum
1618 590 1809 655 naviga
1834 590 2004 651 littus,

98 669 130 691 “
153 680 420 730 cornuque
447 670 541 714 tuo
567 664 737 715 tribus
767 663 978 714 fortiter
1014 663 1202 713 intona
1227 662 1447 713 vicibus.
1529 662 1680 712 Sicut
1715 661 1857 712 enim
1886 678 2007 711 cera

99 740 132 762 “
153 734 346 784 diffluit
388 735 453 786 ab
493 735 633 802 ignis
668 735 858 797 calore,
900 735 975 786 sic
1005 742 1220 785 tuorum
1261 734 1508 801 snperbia
1533 733 1871 784 inimicorum
1899 732 2002 782 dis-

98 812 130 834 “
153 806 386 857 solvetur
427 807 491 858 ab
537 807 696 875 hujus
739 807 883 857 tubae
935 807 1197 873 clangore.
1278 806 1381 856 Sed
1428 813 1688 872 quantum
1731 805 1786 854 in
1833 805 2003 871 majus

98 883 131 905 “
154 878 573 929 adversariorum
601 878 878 946 dejicietur
911 878 1219 945 pertinacia,
1259 885 1473 928 tantum
1501 878 1566 927 ad
1593 876 1829 944 ejusdem
1859 876 2002 925 clan-

97 955 130 976 “
153 949 293 1016 goris
321 950 648 1001 auditionem
686 957 901 1000 tuorum
943 950 1179 1016 erigetur
1213 949 1503 999 amicorum
1532 948 1766 999 audacia.
1846 947 2004 998 Quod

99 1026 131 1048 “
153 1021 295 1071 enim
324 1022 421 1088 piis
441 1022 815 1072 misericordiae
836 1022 1057 1072 caelestis
1086 1021 1150 1071 ad
1179 1021 1515 1072 exaltationis
1537 1020 1741 1071 confert
1762 1019 2004 1085 gloriam,

99 1098 131 1120 “
155 1093 253 1143 hoc
294 1093 471 1160 impiis
508 1094 628 1160 jure
666 1093 928 1160 permittit
963 1093 1235 1160 provenire
1270 1093 1334 1142 ad
1361 1092 1672 1159 dejectionis
1700 1090 2002 1157 ingloriam.

98 1170 130 1191 “
156 1166 335 1232 Hujus
362 1183 569 1232 quoque
595 1166 702 1216 diei
727 1166 911 1216 horam
941 1165 1151 1215 circiter
1178 1182 1391 1226 nonam,
1419 1165 1484 1214 de
1506 1163 1796 1214 carioribus
1824 1162 2005 1212 amicis

99 1241 132 1263 ((
155 1242 207 1286 et
233 1237 557 1299 melioribus,
587 1237 867 1303 quingenti
894 1237 958 1287 ad
986 1244 1039 1287 te
1068 1236 1400 1297 convenient,
1423 1253 1605 1286 omnes
1633 1235 1768 1285 bene
1797 1234 2003 1284 armati.

99 1308 224 1358 “Et
264 1309 363 1359 hoc
406 1309 557 1375 signo
600 1309 800 1371 credas,
842 1309 999 1375 quod,
1047 1315 1248 1374 septem
1294 1307 1578 1358 transactis
1618 1306 1823 1368 diebus,
1867 1306 2006 1372 apud

99 1385 132 1406 ((
154 1387 393 1430 montem
419 1381 736 1431 Assandune
763 1381 927 1431 totius
954 1387 1108 1431 terrae
1135 1379 1295 1446 hujus
1325 1385 1603 1430 concurret
1631 1377 1912 1438 exercitus,
1953 1385 2005 1427 te

99 1457 132 1478 ((
156 1451 298 1501 velut
324 1470 504 1518 regem
532 1470 686 1502 suum
713 1452 770 1502 in
798 1452 1026 1502 adversis
1054 1452 1212 1501 simul
1253 1459 1305 1502 et
1340 1450 1605 1518 prosperis
1631 1450 1828 1515 ubique
1857 1449 2006 1514 sequi

98 1528 131 1549 ((
155 1523 552 1589 paratissimus,
608 1524 700 1574 ubi
746 1542 866 1574 cum
912 1523 1155 1574 hostibus
1205 1523 1333 1573 dum
1382 1522 1696 1582 conflixeris,
1748 1521 2007 1587 triumphi

97 1595 328 1660 “palma
358 1595 706 1662 proculdubio
733 1595 1084 1646 coronaberis.
1089 1595 1123 1619 ’²
1202 1595 1336 1645 Haec
1368 1595 1597 1644 Sanctus
1622 1593 1715 1642 ubi
1742 1592 2008 1654 disseruit,

97 1667 339 1716 mirantis
387 1667 451 1717 ab
502 1667 669 1717 oculis
717 1667 832 1734 ipso
884 1685 1006 1717 cum
1056 1666 1258 1716 lumine
1310 1665 1585 1732 disparuit.
1678 1664 1779 1713 Ille
1831 1670 2007 1714 autem

95 1738 354 1799 omnium,
410 1756 526 1805 quae
577 1738 833 1800 audierat,
892 1737 1325 1805 complendorum
1372 1736 1713 1797 certissimus,
1767 1735 1909 1784 illius
1955 1753 2009 1786 se

97 1810 387 1875 patrocinio
428 1810 834 1861 commendabat
876 1810 1150 1860 attentius.
1228 1810 1443 1859 Interea
1482 1808 1691 1874 magnis
1735 1813 2009 1873 expectata

95 1880 368 1931 desideriis
408 1899 597 1932 aurora
632 1882 882 1932 exoritur.
962 1882 1081 1944 Ille,
1125 1881 1282 1932 solito
1315 1881 1518 1947 agilior,
1549 1897 1735 1929 somno
1766 1878 2010 1945 lectoque

97 1952 393 2015 excutitur,
456 1961 526 2015 et,
580 1953 645 2004 ad
695 1954 847 2004 littus
899 1972 1064 2020 usque
1113 1953 1442 2020 pervenienS,
1489 1952 1638 2019 jussa
1688 1969 1804 2018 (111εο
1854 1958 2010 2000 nocte

99 2024 338 2075 audierat
372 2025 449 2075 nil
484 2033 721 2076 moratus
756 2026 1050 2093 exequitur.
1129 2026 1199 2076 Et
1225 2025 1309 2075 his
1338 2024 1463 2091 quid
1490 2024 1583 2074 diu
1622 2023 2010 2072 immoramur?

96 2095 259 2147 Tubae
299 2096 464 2163 ipsius
503 2097 806 2164 clangorem
850 2097 1054 2148 inimici
1093 2097 1291 2164 pariter
1330 2103 1382 2147 et
1429 2095 1585 2146 amici
1625 2094 1881 2145 audiunt:
1928 2094 2010 2143 illi

96 2175 233 2218 nutu
277 2168 472 2219 Divino
516 2187 706 2236 pavore
752 2169 976 2231 confusi,
1029 2169 1205 2219 subito
1249 2168 1451 2218 viribus
1496 2172 1844 2218 enervantur:
1900 2165 2008 2227 isti,

100 2239 304 2290 caelitus
359 2240 686 2292 exultatione
740 2241 958 2307 perfusi,
1024 2240 1279 2291 continuo
1329 2238 1617 2290 virtutibus
1671 2237 2007 2288 roborantur.

101 2311 224 2361 Jam
264 2329 472 2377 quoque
512 2312 596 2362 die
640 2312 697 2361 in
740 2330 938 2363 nonam
978 2312 1279 2363 declinante
1325 2312 1528 2371 horam,
1567 2309 1668 2376 ipsi
1712 2309 1776 2359 de
1818 2308 2010 2374 quibus

100 2383 427 2449 complendae
484 2383 850 2450 promissionis
904 2384 1117 2450 signum
1176 2383 1387 2450 planius
1437 2387 1662 2448 caperet,
1718 2380 2010 2430 amicorum

99 2454 325 2505 cariores
363 2461 417 2505 et
459 2455 701 2506 meliores
754 2456 1032 2522 quingenti
1083 2473 1267 2505 omnes
1317 2453 1478 2505 armis
1528 2453 1663 2503 bene
1707 2452 1904 2501 muniti
1945 2452 2010 2502 ad

98 2525 274 2593 ipsum
331 2527 668 2577 conveniunt.
761 2527 970 2580 Quibus
1026 2527 1133 2588 1110,
1186 2533 1461 2577 nocturnae
1501 2524 1715 2574 visionis
1768 2523 2011 2574 ordinem

100 2597 353 2663 pandens,
391 2603 424 2624 “
442 2598 621 2660 Nunc
627 2599 661 2621 ''
702 2598 894 2666 inquit,
935 2604 1186 2665 “quanta
1211 2604 1456 2665 parentes
1481 2596 1670 2658 nostri,
1711 2595 1801 2662 qui
1827 2612 2011 2645 omnes

100 2670 263 2736 “jam
312 2669 648 2732 interierunt,
699 2670 1045 2721 barbarorum
1096 2675 1365 2720 tormenta
1412 2686 1506 2735 pro
1552 2667 1657 2718 suis
1710 2667 2011 2734 nostrisque

102 2740 370 2791 “offensis
411 2741 559 2808 justo
600 2742 703 2793 Dei
741 2743 945 2809 judicio
992 2742 1306 2810 pertulerint
1350 2741 1609 2801 vidimus,-
1664 2746 1716 2789 et
1755 2756 1852 2788 nos
1892 2738 2008 2804 ipsi,

100 2812 247 2878 “qui
278 2813 361 2863 die
388 2820 655 2880 noctuque
684 2814 747 2864 ad
780 2815 975 2865 similia
1000 2832 1092 2881 per
1124 2814 1332 2864 eosdem
1362 2812 1704 2879 exquirimui,
1746 2810 2011 2877 quomodo

101 2884 363 2934 “nullum
409 2884 697 2936 habeamus
743 2887 856 2953 jam
901 2892 1078 2936 tutum
1126 2885 1264 2952 fugae
1307 2885 1504 2945 locum,
1549 2883 1806 2944 videmuS,
1846 2882 2011 2931 immo

100 2956 528 3007 “miserabiliter
561 2958 772 3024 profugi
804 2958 1142 3009 sustinemus.
1236 2958 1395 3007 Unde
1421 2974 1551 3022 rogo
1577 2954 1795 3005 monitis
1827 2953 2011 3004 Sancti

100 3032 133 3053 “
156 3027 457 3090 Cuthberti,
500 3029 793 3081 defensoris
831 3031 1019 3092 nostri,
1057 3036 1260 3080 attente
1292 3028 1619 3088 obediamUS,
1657 3027 1773 3077 Deo
1806 3025 2011 3105 sibique

100 3099 336 3150 “fideles
380 3100 684 3164 existamus,
740 3102 990 3153 vitiorum
1039 3101 1317 3168 voragines
1367 3100 1652 3167 fugiamus,
1705 3104 1865 3165 atque
1908 3097 2011 3146 vir-

101 3174 334 3221 “tutum
385 3173 633 3223 exercitia
676 3173 977 3240 diligamus,
1024 3174 1099 3224 sic
1148 3173 1294 3240 prof(
1300 3179 1402 3233 cto,
1449 3177 1501 3221 et
1551 3170 1868 3237 promissum
1913 3186 2009 3219 cae-

102 3241 304 3292 “lestis
331 3243 515 3323 gratiae
542 3245 815 3308 auxilium,
859 3252 911 3296 et
947 3264 1055 3296 snae
1093 3244 1416 3295 defensionis
1450 3242 1781 3309 experiemur
1815 3240 2011 3306 ubique

105 3314 529 3379 ‘patrocinium.
536 3316 572 3337 ’²
649 3317 946 3367 Promissus
992 3317 1158 3383 igitur
1188 3316 1355 3367 totius
1389 3322 1543 3365 terrae
1585 3313 1847 3364 exercitus
1889 3329 2010 3361 cum

102 3402 226 3451 rege
269 3403 362 3435 suo
404 3386 588 3436 eodem
630 3388 847 3439 Elfredo
889 3388 955 3438 ad
995 3388 1307 3455 praedictum
1349 3393 1586 3437 montem
1631 3384 1885 3450 praedicta
1926 3383 2010 3431 die

103 3474 235 3508 conv
239 3457 382 3517 enit5
425 3475 522 3507 nec
549 3458 725 3509 minus
759 3478 819 3510 ex
857 3460 1071 3510 adverso
1111 3459 1287 3510 feralis
1327 3459 1420 3508 illa
1453 3458 1551 3508 bai
1555 3457 1801 3506 baioium
1833 3453 2009 3513 turba,

100 3527 325 3579 infinitae
351 3546 457 3578 suae
483 3529 815 3581 multitudini
842 3531 1209 3597 prioribusque
1241 3531 1437 3580 confisa
1464 3526 1755 3586 eventibus,
1784 3523 2010 3574 accurrit

102 3599 349 3650 velocius.
429 3600 513 3649 Fit
541 3601 723 3650 statim
751 3601 817 3651 ad
843 3602 1191 3682 praeliandum
1220 3608 1528 3660 conventus,
1558 3598 1648 3648 sed
1675 3597 1852 3661 dispar
1878 3613 2008 3674 pug-

104 3670 347 3722 nantium
390 3679 625 3721 eventus
708 3673 852 3723 Hinc
885 3674 1028 3723 enim
1069 3673 1404 3723 Christianus
1434 3689 1531 3736 qu<¹
1524 3688 1593 3720 m
1622 3667 1831 3718 salubre
1860 3666 1927 3716 sit
1956 3666 2010 3715 in

1681 3756 1720 3788 M
