2384 4126
314 370 384 418 80
928 387 1200 421 sYMEole
1243 388 1634 422 DUNELMENSIS

1200 532 1350 565 MXXX
1357 555 1366 564 .

424 606 638 657 “Anno
690 623 860 657 M.xxx
908 607 1138 657 Sanctus
1182 608 1401 670 Clavus,
1457 626 1616 675 quem
1656 607 1900 658 Canutus
1945 625 2038 658 rex
2083 626 2243 675 expu-

316 681 349 705 “
369 678 562 742 lerat‚''
602 697 695 729 rex
730 685 783 729 et
819 685 1042 746 martyr,
1085 680 1315 730 Haroldi
1340 680 1482 746 regis
1516 680 1962 747 Norreganorum
1988 680 2148 743 filius,
2188 681 2246 731 in

311 750 561 818 Norrega
586 750 787 819 injuste
815 756 850 779 “
869 752 1152 818 perimitur
1178 771 1207 803 a
1232 752 1623 819 NorreganiS.”

1131 898 1352 931 MXXXII.

425 973 638 1023 “Anno
667 972 872 1040 M.xxxij
903 972 1126 1023 ecclesia
1165 973 1354 1023 Sancti
1388 973 1694 1024 Eadmundi
1730 974 1869 1041 regis
1903 981 1955 1025 et
1994 975 2245 1043 martyris

316 1048 349 1072 “
371 1044 473 1095 hoc
501 1062 643 1095 anno
669 1044 914 1095 dedicata
940 1045 1078 1106 est,’'
1119 1045 1175 1094 in
1203 1063 1308 1112 qua
1337 1063 1429 1095 rex
1458 1046 1701 1096 Canutus
1726 1047 2017 1098 monachos
2045 1048 2243 1114 posuit,

316 1117 497 1183 ejectis
538 1116 880 1183 presbyteris.
961 1116 1113 1183 Ignis
1146 1117 1333 1167 multis
1359 1117 1416 1166 in
1441 1117 1572 1167 locis
1600 1136 1694 1185 per
1723 1120 1975 1186 Angliam
2009 1120 2242 1171 desaevit.

313 1188 563 1255 AElfsige,
608 1187 1003 1239 Wintoniensis
1049 1188 1347 1256 episcopm,
1400 1189 1564 1240 obiit:
1618 1190 1923 1254 AElfwinus,
1968 1192 2248 1260 presbyter

310 1261 470 1327 regiS,
514 1260 786 1311 successit.

1164 1367 1397 1401 MXXXIV.

421 1443 584 1523 Anno
613 1441 859 1510 M.xxxiiij
890 1441 1152 1493 Malcolm
1171 1432 1264 1494 rex
1292 1444 1603 1495 Scottorum
1630 1444 1781 1507 obiit,
1804 1445 1891 1496 cui
1917 1445 2246 1497 Machethad

314 1521 586 1567 successu.

1188 1620 1366 1653 MXLII.

424 1696 585 1746 Anno
613 1694 1202 1761 M.xlij—Eadmundus
1243 1696 1522 1763 episcopus
1565 1696 1716 1760 obiit,
1755 1697 1841 1747 cui
1874 1697 2117 1749 Edredus
2153 1717 2247 1765 per

311 1769 597 1835 pecuniam
622 1767 681 1817 in
708 1767 1078 1834 episcopatum
1105 1768 1379 1830 successit,
1420 1775 1474 1819 et
1500 1769 1708 1820 decimo
1734 1787 1918 1821 mense
1944 1771 2189 1821 moritur.

1174 1911 1383 1946 MXLIII.

422 1989 585 2039 Anno
618 1986 819 2053 M.xliij‚
852 1986 1107 2037 defuncto
1147 1988 1488 2050 Eadmundo,
1528 1989 1806 2056 Egelricus
1845 1992 2078 2058 suscepit
2106 1992 2243 2058 epis-

312 2068 564 2128 copatum
627 2059 1069 2122 Dunelmensem,
1152 2060 1390 2111 Siwardo
1455 2061 1865 2113 administrante
1930 2064 2247 2114 comitatum

312 2132 937 2200 Northanhymbrorum.

1203 2263 1373 2297 MLIII.

422 2341 638 2392 “Anno
689 2339 831 2407 M.liij
889 2338 1182 2391 Godwinus
1251 2357 1426 2391 comes
1486 2340 1597 2391 vita
1647 2340 1873 2392 decessit
1890 2342 1924 2366 '³
1977 2344 2081 2412 xvij
2136 2344 2244 2396 kal.

313 2414 467 2466 Maii.

1203 2524 1280 2557 ML
1285 2524 1356 2557 IV.

315 2671 852 2723 VVinchelcumbcnsi
905 2670 1103 2733 abbati,
1163 2671 1432 2723 Aldredus
1483 2672 1856 2739 Wigornensis
1911 2680 1945 2702 “
1967 2675 2247 2743 episcopus

316 2750 350 2773 “
374 2744 725 2807 Godricum‚'’
767 2742 1078 2793 Godmanni
1103 2743 1242 2809 regis
1270 2745 1533 2812 capellani
1558 2745 1748 2809 filium,
1790 2751 1825 2774 “
1846 2746 1963 2798 1000
2003 2748 2117 2816 ejus
2155 2749 2245 2800 ab·

317 2822 351 2846 “
371 2818 553 2868 batem
581 2815 880 2867 constituit.
885 2815 920 2839 '²

1213 2949 1366 2982 me.

426 3026 589 3076 Anno
641 3023 781 3073 M.lix
838 3023 1000 3074 Kinsi
1056 3023 1409 3074 Eboracensis
1469 3023 1767 3091 episcopus,
1827 3033 1880 3076 et
1939 3027 2248 3093 Egelwinus

317 3096 701 3149 Dunelmensis
752 3095 1046 3163 episcopus,
1100 3101 1154 3146 et
1204 3095 1352 3145 Tosti
1404 3113 1580 3146 comes
1632 3097 1861 3148 Eboraci
1911 3099 2248 3152 deduxerunt

316 3188 499 3238 regem
526 3167 884 3219 Malcolmum
913 3168 979 3219 ad
1004 3186 1187 3235 regem
1212 3167 1584 3218 Eadwardum.
1589 3177 1607 3207 J

1206 3321 1342 3354 MLXI
1351 3343 1360 3353 .

430 3398 644 3449 “Anno
695 3396 830 3464 M.lxj
890 3396 1157 3447 Aldredus
1225 3396 1580 3447 Eboracensis
1641 3398 2070 3468 archiepiscopus
2127 3420 2248 3454 cum

321 3477 356 3500 ‘⁶
377 3470 560 3523 Tostio
603 3469 798 3520 comite
832 3469 1062 3519 Romam
1100 3468 1214 3531 ivit,
1256 3474 1309 3519 et
1338 3487 1369 3519 a
1392 3469 1661 3520 Nicholao
1701 3489 1839 3539 papa
1872 3474 2095 3540 pallium
2131 3494 2246 3526 sus-

320 3543 575 3611 “cepit.’'
672 3541 901 3592 Interim
951 3559 1041 3591 rex
1096 3541 1405 3591 Scottorum
1464 3541 1790 3593 Malcolmus
1849 3546 1931 3595 sui
1982 3548 2250 3615 conjurati

507 3698 524 3729 J'
555 3696 658 3738 This
679 3697 877 3737 sentence
896 3696 931 3736 is
951 3696 1086 3736 added
1106 3698 1149 3737 at
1169 3698 1242 3738 the
1265 3698 1350 3738 soot
1371 3699 1417 3739 of
1442 3698 1516 3738 the
1536 3711 1642 3751 page
1664 3699 1709 3739 in
1731 3712 1751 3738 a
1774 3712 1914 3740 coarse
1935 3701 2059 3741 hand.
