2384 4126
752 363 1021 397 HISTORIAE
1061 363 1446 397 CONTINUArio.
1982 346 2049 395 83

143 493 178 518 “
196 489 586 540 rationabiliter
619 489 719 540 tibi
752 488 966 557 petieris
1003 487 1326 539 obtinebiS.”
1404 489 1585 539 Sensit
1613 487 1885 539 Haroldus
1912 486 2049 553 peri-

141 562 321 612 culum
360 561 615 627 undique,
653 578 753 613 1100
792 560 1056 611 intellexit
1106 577 1211 627 qua
1260 560 1503 611 evaderet
1552 559 1659 610 nisi
1700 560 1758 609 in
1802 558 2050 608 omnibus

139 633 403 683 voluntati
428 632 690 683 Willelmi
717 632 1088 699 acquiesceret.
1166 631 1450 698 Acquievit
1479 632 1678 698 itaque.
1755 631 1832 681 At
1857 630 1964 691 ille,
1991 634 2053 678 ut

139 704 319 754 omnia
361 710 479 754 rata
517 704 711 767 forent,
750 704 970 771 prolatis
1020 704 1342 753 Sanctorum
1382 703 1638 770 reliquiis,
1680 702 1745 753 ad
1779 702 1894 752 haec
1938 701 2051 750 Ha-

138 775 349 826 roldum
389 775 653 842 perduxit,
693 768 944 842 quatinus
991 792 1148 841 super
1196 774 1313 825 illas
1358 775 1590 842 jurando
1640 779 1946 835 testaretur,
1999 789 2055 822 80

142 853 335 897 cuncta
361 865 478 913 quae
506 853 863 898 convenerant
888 847 1029 897 inter
1055 863 1142 897 008
1170 863 1326 913 opere
1353 847 1760 913 completurum.
1840 844 1942 895 His
1977 843 2056 893 ita

141 919 323 985 gestis,
372 919 643 969 Haroldus
693 924 907 986 recepto
956 923 1151 985 nepote
1198 935 1439 969 reversus
1491 924 1572 969 est
1620 917 1866 984 patriam.
1944 915 2058 966 Ubi

140 1008 263 1041 vero
314 990 442 1057 quid
494 990 763 1053 acciderit,
822 990 950 1057 quid
1000 989 1169 1056 egerit
1217 989 1332 1056 regi
1380 989 1756 1057 percunctanti
1803 987 2056 1049 narravit,

145 1067 178 1089 “
204 1062 396 1113 Nonne
439 1062 549 1112 dixi
592 1062 749 1125 tibi,’'
804 1063 895 1124 ait,
948 1066 1088 1112 “me
1138 1061 1474 1112 Willelmum
1524 1079 1700 1123 nosse,
1754 1066 1808 1111 et
1857 1060 1915 1109 in
1964 1059 2058 1109 illo

144 1137 180 1162 ‘⁶
199 1134 391 1185 itincre
417 1139 511 1184 tuo
537 1134 767 1201 plurima
791 1135 933 1184 mala
958 1133 1084 1183 huic
1110 1151 1276 1200 regno
1304 1133 1614 1200 contingere
1639 1133 1832 1200 posse?
1896 1132 2055 1197 Mag-

148 1210 182 1233 “
204 1223 300 1256 nas
327 1205 385 1255 in
409 1205 511 1255 hoc
540 1212 635 1256 tuo
665 1205 807 1256 facto
843 1205 1171 1256 calamitates
1208 1206 1491 1271 praesentio
1527 1205 1676 1272 genti
1708 1210 1906 1255 nostrae
1931 1221 2057 1253 ven-

146 1281 180 1305 “
202 1283 367 1339 turas,
409 1295 537 1343 quas
575 1277 830 1328 concedat
867 1277 1017 1339 mihi,
1055 1294 1248 1343 quaeso,
1289 1277 1457 1343 pietas
1494 1294 1723 1344 superna
1766 1294 1833 1326 ne
1871 1274 2057 1325 diebus

146 1349 331 1399 “meis
358 1349 631 1399 1701113111.Η
708 1349 777 1400 111
820 1348 968 1399 brevi
1007 1355 1128 1415 post
1172 1348 1286 1399 haec
1320 1348 1452 1399 obiit
1492 1366 1585 1399 rex
1619 1347 1965 1408 Eadwardus,
2006 1352 2059 1396 et

140 1420 298 1488 juxta
324 1420 465 1486 quod
491 1420 603 1487 ipse
635 1426 757 1471 ante
794 1426 1023 1471 mortem
1065 1426 1343 1481 statuerat,
1382 1420 1441 1470 in
1476 1437 1705 1487 regnum
1731 1419 1779 1470 ei
1806 1418 2061 1469 successit

149 1492 438 1542 Haroldus.
516 1491 619 1542 Cui
659 1492 964 1542 Willelmus
1007 1491 1299 1553 mandavit,
1338 1497 1417 1554 ut,
1461 1492 1701 1558 quamvis
1728 1491 1925 1541 violata
1958 1490 2061 1540 fide

146 1570 337 1614 caetera
379 1581 490 1614 non
533 1569 809 1625 servasset,
850 1563 894 1613 si
937 1569 1119 1613 tamen
1162 1562 1329 1613 filiam
1373 1580 1525 1613 suam
1569 1563 1787 1613 duceret
1835 1579 2063 1612 uxorem

144 1635 332 1686 leviter
356 1635 535 1697 ferret,
575 1634 810 1701 alioquin
852 1652 908 1685 80
948 1634 1266 1700 promissam
1303 1635 1456 1701 regni
1483 1634 1875 1685 successionem
1902 1633 2062 1683 armis

147 1707 249 1757 sibi
297 1706 691 1757 vindicaturum
755 1705 1104 1772 proculdubio
1170 1705 1345 1756 sciret.
1446 1706 1521 1756 At
1586 1706 1716 1773 ipse,
1773 1722 1873 1756 nec
1930 1704 2065 1754 illud

146 1778 361 1844 quidem
402 1777 574 1828 facere
614 1795 669 1828 se
694 1778 847 1840 velle,
887 1794 986 1828 nec
1027 1777 1128 1827 hoc
1162 1777 1466 1840 formidare,
1508 1777 1658 1828 dixit.
1736 1776 1897 1827 Unde
1923 1776 2062 1826 Wil-

143 1850 334 1900 lelmus
362 1849 691 1916 indignatus,
719 1867 916 1915 magna
942 1866 1032 1915 spe
1053 1848 1299 1899 vincendi
1326 1867 1387 1899 ex
1413 1849 1513 1899 hac
1541 1849 1771 1900 Haroldi
1797 1847 2065 1916 injustitia

144 1928 225 1972 est
253 1921 537 1972 animatus.
614 1921 808 1971 Parata
841 1921 1008 1987 igitur
1043 1920 1211 1971 classe
1247 1938 1357 1971 non
1388 1921 1600 1972 modica
1626 1939 1749 1972 cum
1774 1919 2063 1987 nongentis

146 1993 394 2044 navibusn
443 1993 700 2059 Angliam
743 1992 896 2059 petit,
949 1998 1299 2059 consertoque
1351 1993 1497 2060 gravi
1541 1993 1737 2060 praelio,
1792 1991 2065 2043 Haroldus

144 2065 200 2115 in
228 2065 339 2116 acie
366 2065 615 2128 concidit,
655 2070 708 2115 et
734 2064 1039 2115 Willelmus
1067 2064 1237 2115 victor
1270 2082 1499 2131 regnum
1524 2065 1774 2131 optinuit.
1852 2065 1933 2114 De
1960 2081 2065 2130 quo

146 2136 334 2203 proelio
360 2142 629 2187 testantur
656 2136 829 2187 adhuc
861 2136 1054 2187 Franci
1085 2136 1177 2202 qui
1206 2135 1586 2199 interfuerunt,
1628 2136 1898 2203 quoniam,
1939 2135 2067 2186 11001

143 2209 320 2259 varius
362 2226 514 2259 casus
559 2208 686 2258 hinc
726 2207 850 2259 inde
892 2207 1146 2270 extiterit,
1186 2213 1369 2258 tamen
1407 2213 1562 2259 tanta
1602 2214 1806 2274 strages
1845 2225 1904 2258 ac
1939 2207 2067 2272 fuga

144 2280 587 2331 Normannorum
628 2279 749 2341 fuit,
789 2285 852 2329 ut
889 2279 1114 2330 victoria
1140 2297 1243 2346 qua
1268 2279 1428 2345 potiti
1456 2286 1600 2342 sunt,
1640 2298 1760 2330 vere
1786 2286 1839 2330 et
1868 2279 2066 2344 absque

147 2352 311 2402 dubio
346 2351 448 2403 Dei
478 2351 681 2419 judicio
723 2351 792 2401 sit
827 2350 1156 2413 ascribenda,
1197 2350 1306 2402 Qui
1340 2351 1613 2417 puniendo
1639 2351 1811 2402 scelus
1847 2349 2068 2418 perjurii

146 2423 382 2475 ostendit
410 2425 479 2474 Se
505 2441 615 2473 non
642 2423 819 2474 Deum
844 2422 1113 2473 volentem
1138 2421 1520 2489 iniquitatem.⁰

1001 2572 1216 2606 MLXVII.

259 2649 471 2700 “Anno
522 2647 711 2716 M.lxvij
765 2647 970 2698 Wlsius
1023 2648 1549 2711 Dorkecestrcnsis‚'’
1605 2648 1696 2716 qui
1747 2655 1801 2700 et
1852 2649 2065 2700 Lincol-

148 2721 367 2783 niensis,
411 2725 447 2749 “
468 2720 745 2787 episcopus
777 2719 1006 2771 decessit
1036 2720 1349 2783 Wintoniae,
1385 2721 1478 2772 sed
1514 2722 1753 2789 sepultus
1781 2728 1861 2773 081
1888 2722 2065 2772 Dork-

148 2799 182 2821 “
204 2792 400 2844 08110.υ
1812 2792 1814 2794 ’

986 2881 1154 2914 Mval
1164 2873 1226 2914 1'1.

257 2957 419 3008 Anno
458 2956 669 3024 M.lxviij
715 2956 821 3007 duo
860 2974 1009 3023 papae
1049 2955 1106 3006 in
1149 2957 1322 3007 Roma
1359 2956 1488 3007 facti
1528 2963 1673 3019 sunt,
1713 2957 1768 3008 id
1808 2963 1889 3008 081
1930 2957 2065 3024 epis-

149 3047 309 3097 copus
354 3028 658 3109 Parmensis
700 3028 792 3096 qui
833 3028 1082 3096 expulsus
1119 3034 1219 3091 est,
1260 3034 1314 3080 01
1350 3029 1628 3097 episcopus
1666 3029 1730 3080 de
1768 3030 1934 3093 Luca,
1975 3029 2068 3096 qui

148 3119 282 3169 papa
308 3106 620 3168 permanslt.

1018 3223 1210 3257 MLXIX.

265 3298 425 3347 Anno
464 3297 640 3347 M.lxix
675 3297 977 3348 coenobium
1006 3298 1191 3349 Sancti
1226 3298 1486 3350 Germani
1521 3299 1585 3351 de
1626 3300 1803 3351 Selebi
1838 3300 2066 3367 sumpsit

154 3368 473 3419 exordium.1⁰
545 3368 704 3419 Misit
732 3387 826 3419 rex
850 3369 1156 3420 Willelmus
1183 3371 1566 3439 Nbrthymbris
1607 3372 1673 3422 ad
1709 3372 2067 3439 aquilonalem

152 3440 364 3506 plagam
403 3439 535 3489 Tine
574 3440 824 3491 comitem
865 3441 1216 3505 Rodbertum,
1257 3449 1614 3509 cognomento
1654 3444 1870 3505 Cumin,
1906 3443 2067 3493 tertio

291 3598 309 3615 '¹
341 3591 474 3632 These
493 3592 614 3633 three
631 3592 766 3634 words
784 3605 853 3633 are
872 3592 1060 3634 inserted
1078 3595 1122 3633 at
1141 3594 1215 3634 the
1235 3594 1322 3634 foot
1341 3594 1387 3634 of
1410 3595 1486 3635 the
1505 3608 1624 3647 pago.

292 3653 306 3669 ⁰
336 3646 478 3686 Psalm
497 3659 534 3687 v.
556 3648 593 3687 5.
809 3655 831 3679 Ρ
862 3647 1012 3688 Added
1031 3648 1075 3688 in
1093 3661 1147 3688 an
1167 3649 1236 3688 old
1255 3649 1370 3688 hand
1390 3651 1434 3688 at
1453 3650 1525 3689 1110
1548 3651 1635 3690 foot
1655 3650 1702 3689 of
1726 3650 1799 3690 the
1819 3663 1937 3701 page.

1686 3707 1777 3754 02
