2384 4126
315 364 422 413 238
1080 384 1354 418 APPENDIX
1392 384 1478 417 111.

318 506 693 573 degeneravit,
736 528 799 560 ex
826 510 956 573 solo,
985 517 1046 561 ut
1074 511 1407 562 antedictum
1443 516 1542 573 cst,
1570 516 1721 578 patre
1747 510 1912 561 frater
1943 505 2249 560 Eadmundi

315 579 484 645 regis,
515 581 669 648 0113118
695 582 854 644 filius,
884 583 1185 649 Margarita
1211 589 1410 645 exorta,
1440 583 1681 634 claritate
1708 582 2023 633 meritorum
2051 582 2248 632 claram

317 658 570 717 perornat
597 654 790 705 seriem
818 656 1234 722 progenitorum.

1226 867 1338 918 III.

322 969 561 1027 Qualiter
586 971 642 1022 iu
670 972 854 1037 prima
881 978 1034 1024 celate
1062 965 1289 1040 ccepe'rz‘t,
1318 980 1368 1026 et
1402 975 1458 1025 iu
1492 976 1735 1026 honorem
1761 974 2030 1025 sullimata
2056 973 2248 1033 lzouorc

985 1063 1088 1096 nou
1115 1047 1376 1098 delectata
1389 1046 1579 1113 fuerit.

419 1160 581 1213 J'Cum
634 1181 760 1230 ergo
810 1164 868 1214 in
917 1164 1172 1232 primaeva
1223 1166 1395 1218 adhuc
1445 1167 1657 1217 floreret
1713 1171 1889 1227 aetate,
1945 1163 2113 1214 vitam
2164 1180 2247 1214 so-

317 1233 563 1284 brietatis
613 1236 825 1298 ducere,
886 1254 947 1287 ac
998 1238 1178 1288 Deum
1234 1256 1393 1306 super
1448 1239 1630 1289 onmia
1680 1237 1841 1305 coepit
1892 1236 2131 1303 diligere,
2189 1235 2248 1285 in

316 1305 636 1357 Divinarum
673 1307 964 1358 lectionum
1006 1309 1185 1360 studio
1225 1328 1338 1362 sese
1376 1328 1654 1377 occupare,
1696 1316 1749 1361 et
1788 1309 1845 1359 in
1881 1308 1967 1358 his
2006 1307 2247 1358 animum

316 1378 707 1430 delectabiliter
734 1398 992 1432 exercere.
1072 1382 1258 1433 Inerat
1302 1383 1350 1434 ei
1390 1383 1456 1433 ad
1494 1381 1907 1449 intelligendum
1950 1379 2246 1447 quamlibet

315 1467 428 1500 rem
476 1457 634 1501 acuta
676 1451 882 1519 ingenii
923 1453 1211 1517 subtilitas,
1259 1455 1326 1505 ad
1374 1454 1719 1506 retinendum
1762 1454 1936 1504 multa
1973 1452 2245 1503 memoriae

314 1523 593 1586 tenacitas,
638 1523 705 1573 ad
748 1525 1126 1591 proferendum
1174 1527 1408 1593 gratiosa
1448 1527 1732 1578 verborum
1781 1525 2028 1577 facilitas.
2107 1524 2245 1575 Cum

316 1612 443 1660 ergo
471 1595 529 1645 in
554 1596 672 1662 lege
699 1597 923 1647 Domini
940 1598 1024 1648 die
1047 1616 1106 1649 ac
1125 1605 1284 1650 nocte
1304 1599 1672 1662 meditaretur,
1702 1603 1773 1661 et,
1799 1604 2057 1664 tanquam
2079 1596 2246 1646 altera

313 1666 493 1717 Maria
520 1685 672 1718 secus
698 1669 859 1734 pedes
887 1669 1110 1721 Domini
1136 1671 1342 1733 sedens,
1383 1671 1566 1722 audire
1591 1670 1815 1722 verbum
1840 1669 1987 1719 1111118
2014 1668 2243 1719 delecta-

312 1745 491 1801 retur,
535 1758 756 1790 suorum
793 1741 966 1808 magis
1006 1760 1168 1809 quam
1211 1762 1307 1794 sua
1343 1743 1638 1805 voluntate,
1677 1742 1843 1792 immo
1889 1740 1993 1792 Dei
2031 1739 2242 1791 ordina-

312 1810 477 1873 tione,
513 1812 887 1878 potentissimo
927 1815 1043 1880 regi
1086 1816 1396 1865 Scottorum
1435 1815 1749 1877 Malcolmo,
1785 1813 1926 1880 regis
1962 1812 2245 1864 Dunecani

314 1882 443 1944 filio,
472 1883 529 1932 111
557 1884 872 1951 conjugium
899 1886 1194 1953 copulatur.
1275 1888 1381 1938 Sed
1407 1887 1648 1954 quamvis
1669 1904 1730 1937 ea
1757 1904 1875 1953 quae
1902 1890 2028 1935 sunt
2055 1884 2246 1934 mundi

315 1955 726 2021 compelleretur
753 1975 927 2023 agere,
968 1959 1160 2009 mundi
1193 1965 1375 2010 tamen
1400 1959 1560 2010 rebus
1587 1977 1652 2010 ex
1678 1957 1941 2009 desiderio
1969 1961 2242 2022 contemp-

317 2026 386 2076 sit
412 2026 703 2079 inhaerere:
745 2029 864 2095 plus
912 2030 1056 2081 enim
1102 2031 1470 2082 delectabatur
1509 2031 1652 2082 bono
1693 2047 1868 2097 opere,
1911 2045 2073 2095 quam
2115 2027 2245 2077 divi-

314 2099 512 2149 tiarum
548 2101 895 2166 possessione.
974 2103 1057 2153 De
1107 2104 1493 2170 temporalibus
1545 2108 1771 2154 aeternas
1823 2100 1925 2151 sibi
1975 2099 2247 2151 mercedes

312 2171 553 2237 parabat,
595 2172 848 2238 quoniam
886 2173 946 2223 in
987 2174 1134 2238 caelo,
1161 2175 1274 2235 *ubi
1315 2182 1429 2227 erat
1468 2175 1750 2226 thesaurus
1790 2174 1922 2241 ejus,
1963 2189 2053 2222 cor
2088 2190 2246 2222 suum

314 2243 534 2294 locarat.
610 2245 684 2294 Et
711 2245 837 2311 quia
861 2246 1128 2313 praecipue
1155 2264 1382 2314 regnum
1411 2248 1514 2299 Dei
1546 2252 1599 2298 et
1619 2245 1889 2314 justitiam
1914 2242 2072 2311 Ejusk
2102 2262 2244 2310 quae-

314 2314 485 2378 rebat,
513 2315 664 2383 larga
689 2317 1094 2385 Omnipotentis
1122 2320 1295 2386 gratia
1320 2320 1549 2371 honores
1576 2319 1625 2370 ei
1652 2324 1705 2370 et
1732 2317 1944 2368 divitias
1961 2316 2249 2396 affluenter

316 2386 619 2454 adjiciebat.
699 2389 898 2441 Omnia
938 2408 1056 2458 quae
1101 2392 1421 2442 dicebantur
1463 2390 1744 2459 prudentis
1786 2389 1986 2456 reginae
2023 2388 2247 2467 imperio

317 2459 630 2526 agebantur.
732 2462 867 2529 Ejus
919 2463 1141 2514 consilio
1190 2464 1344 2531 regni
1400 2465 1527 2532 jura
1585 2461 2037 2530 disponebantur,
2103 2459 2248 2509 illius

312 2530 581 2583 industria
606 2532 794 2599 religio
823 2534 1021 2585 Divina
1056 2536 1355 2603 augebatur
1370 2558 1383 2599 3
1425 2554 1606 2587 rerum
1641 2533 1992 2602 prosperitate
2017 2531 2245 2611 populus

314 2602 619 2655 laetabatur.
696 2605 854 2656 Nihil
879 2606 1025 2657 illius
1051 2608 1154 2658 fide
1175 2608 1398 2671 firmius,
1425 2608 1581 2659 vultu
1606 2605 1958 2666 constantim,
1986 2604 2249 2671 patientia

313 2675 665 2739 tolerabilius,
713 2677 936 2729 consilio
989 2679 1218 2745 gravius,
1265 2681 1534 2732 sententia
1576 2679 1794 2748 justiUS,
1848 2675 2113 2743 colloquio
2158 2676 2246 2742 ju-

318 2747 565 2798 cundiuS.

1231 2898 1330 2948 IV.

248 2991 252 2994 ’
326 2997 479 3055 Quod
501 2998 557 3048 iu
583 2999 694 3050 loco
721 3002 1025 3065 nuptiarum
1052 3006 1325 3056 ecclesiam
1357 3006 1603 3067 ereoeerz't,
1644 3010 1695 3056 et
1726 3003 2061 3054 ecclesiarum
2098 3018 2252 3051 orua-

462 3075 636 3120 meuta
664 3088 819 3136 quam
845 3075 1076 3125 studiose
1107 3078 1407 3142 praeparari
1435 3076 1650 3142 fecerit,
1692 3081 1986 3141 quantoque
2012 3074 2250 3124 modera-

464 3142 600 3192 mine
625 3159 679 3192 se
705 3160 926 3210 suosque
946 3147 1337 3212 yuberuaverz‘t.

432 3252 741 3321 ‘Postquam
792 3256 1006 3308 culmen
1059 3260 1371 3312 ascenderat
1423 3260 1659 3323 honoris,
1713 3278 1838 3311 mox
1886 3259 1945 3309 in
1993 3259 2111 3309 loco
2161 3257 2256 3308 ubi

313 3326 431 3392 03118
455 3327 661 3393 nuptiae
687 3327 904 3378 fuerant
932 3330 1228 3394 celebratae,
1257 3339 1519 3384 aeternum
1547 3333 1630 3383 sui
1650 3332 1883 3383 nominis
1911 3337 1964 3382 et
1990 3329 2250 3396 religiosi-

314 3397 441 3447 tatis
483 3398 651 3449 erexit
685 3408 1115 3453 monumentum.
1192 3404 1411 3472 Triplici
1453 3405 1599 3456 enim
1642 3404 1830 3455 salutis
1871 3402 2104 3453 intentio
2117 3402 2250 3468 (ne),

312 3469 551 3521 nobilem
577 3470 654 3522 ibi
681 3470 959 3523 ecclesiam
985 3474 1041 3523 in
1070 3476 1283 3527 Sanctae
1317 3477 1599 3527 Trinitatis
1639 3475 1921 3527 aedificavit
1957 3474 2216 3525 honorem
2233 3493 2248 3534 ;

579 3626 597 3658 λ’
627 3625 667 3665 A
689 3627 808 3667 small
829 3640 959 3680 green
979 3628 1116 3671 letter.
1566 3632 1582 3656 ἡ
1613 3631 1653 3672 S.
1676 3632 1804 3671 Matt.
1825 3630 1880 3671 vi.
1902 3633 1967 3670 33.

1128 3685 1139 3709 '
1167 3685 1261 3726 Red
1281 3687 1418 3727 letter.
