2384 4126
323 380 356 429 6
928 395 1200 429 SYMEole
1240 395 1632 429 DUNELMENSIS

319 521 524 585 fuisset,
590 539 710 572 cum
773 522 1147 589 pulcherrimis
1201 522 1527 590 hymnorum
1582 519 1883 582 cantilenis,
1933 520 2250 587 lenibusque

320 594 649 660 psalmorum
674 594 937 658 melodiis,
966 594 1152 645 multis
1177 594 1553 645 resonantibus
1580 593 1756 644 choris
1791 599 1844 644 et
1864 592 2250 661 jubilationum

322 666 601 733 cymbalis,
653 666 1033 733 suscipiuntur,
1077 666 1472 733 tradunturque
1515 665 1865 733 principalem
1908 670 2052 716 retro
2104 683 2251 715 aram

320 738 608 805 sepulturae
634 738 862 790 decenti.
942 739 1050 790 Hic
1084 739 1270 789 multis
1312 756 1575 789 annorum
1616 737 1894 789 curriculis
1934 736 2010 788 eis
2043 736 2249 804 positis,

323 810 584 861 Excelsus
616 811 902 874 Dominus,
955 811 1054 869 Qui
1099 811 1316 862 humilia
1362 811 1577 876 respicit
1620 817 1671 862 et
1712 811 1823 861 alta
1866 827 1898 859 a
1940 810 2087 875 lonye
2133 826 2248 875 009-

321 881 534 945 noscas}
571 901 660 934 eos
696 883 1031 934 creberrimis
1067 883 1238 934 ditare
1268 882 1542 933 miraculis
1576 882 1774 944 voluit3
1820 881 1885 932 de
1913 881 2108 948 quibus
2144 880 2249 931 duo

319 960 655 1021 posterorum
680 955 888 1006 notitiae
914 972 1058 1006 nunc
1084 955 1360 1023 propalare
1384 954 1634 1022 praesenti
1660 971 1905 1005 sermone
1941 952 2192 1021 [statuo].

430 1027 646 1077 Accidit
689 1033 751 1077 ut
796 1026 1014 1094 quidam
1059 1027 1280 1078 alterius
1318 1026 1475 1077 bonis
1510 1033 1735 1077 caecatus
1776 1043 1929 1076 ovem
1970 1025 2249 1093 cujusdam

320 1098 567 1165 pauperis
616 1099 832 1150 tolleret
881 1098 1156 1162 secretius,
1204 1117 1364 1165 quam
1410 1104 1624 1165 gestans
1666 1098 1725 1148 in
1767 1097 2023 1160 humeris,
2069 1096 2251 1164 ligatis

319 1170 562 1236 pedibus,
610 1171 816 1222 deferre
858 1170 1117 1237 gliscebat
1161 1188 1312 1221 secus
1363 1170 1697 1221 arcisterium
1749 1175 2056 1220 sanctorum
2106 1187 2246 1219 mar-

318 1247 519 1309 tyrum,
549 1242 641 1293 sed
666 1260 777 1293 non
801 1243 994 1309 potuit.
1071 1242 1284 1293 Portari
1316 1242 1518 1293 ibidem
1549 1241 1742 1309 potuit,
1779 1241 1873 1292 sed
1907 1241 2102 1292 dehinc
2128 1240 2251 1292 vehi

318 1331 428 1363 non
454 1314 638 1365 valuit.
716 1315 863 1365 Reus
888 1314 1071 1381 itaque
1097 1314 1258 1382 hujus
1284 1313 1496 1365 sceleris
1523 1313 1779 1364 continuo
1803 1313 2093 1364 frustratur
2118 1313 2252 1364 flatu

317 1385 486 1447 vitali,
513 1386 976 1454 prosterniturque
1001 1393 1261 1448 mortUUS,
1304 1386 1456 1437 humi
1491 1404 1644 1437 ovem
1670 1386 1938 1437 viventem
1963 1385 2168 1436 habens
2192 1386 2250 1435 in

317 1458 584 1522 manibus,
638 1477 700 1510 eo
749 1459 1066 1526 insequente
1118 1459 1205 1509 cui
1248 1459 1454 1509 furtum
1503 1458 1679 1509 fuerat
1728 1458 1957 1509 illatum.
2036 1458 2250 1525 Recipit

315 1529 576 1582 innocens
609 1531 902 1599 proprium,
943 1531 1170 1582 dimittit
1203 1548 1357 1582 reum
1398 1537 1571 1582 morte
1605 1536 1936 1598 praeventum
1968 1529 2251 1581 subitanea

317 1608 625 1653 sanctorum
652 1604 859 1655 ultione
884 1603 1252 1654 innocentum.
1332 1603 1604 1654 Continuo
1639 1620 1857 1655 currens
1893 1602 1959 1654 ad
1990 1602 2249 1653 aedituum

317 1674 621 1726 sciscitatur
648 1676 692 1726 si
717 1675 1003 1743 peremerit
1027 1676 1294 1726 latronem
1320 1675 1475 1726 illum
1491 1697 1505 1738 3
1548 1694 1578 1726 a
1612 1675 1762 1726 nullo
1803 1675 2020 1726 mortali
2060 1674 2249 1726 didicit

309 1745 619 1813 jugulatum
639 1770 651 1810 ;
707 1753 1027 1815 acceptaque
1067 1747 1289 1799 licentia
1321 1747 1632 1814 reportandi
1673 1747 1814 1815 quod
1856 1765 2013 1798 suum
2053 1747 2246 1811 fuerat,

315 1818 471 1870 laetus
507 1826 561 1871 et
594 1819 780 1870 hilaris
818 1820 1106 1871 revertitur
1139 1820 1197 1870 in
1233 1838 1347 1883 sua,
1379 1821 1497 1872 Deo
1534 1837 1594 1871 ac
1630 1820 1844 1871 Sanctis
1879 1821 2011 1888 Ejus
2051 1820 2250 1871 multas

316 1891 516 1958 gratias
548 1910 727 1959 agens.

425 1964 604 2031 Igitur
630 1964 883 2031 quoniam
908 1964 1180 2032 passiones
1207 1970 1516 2016 sanctorum
1542 1970 1858 2032 martyrum,
1887 1970 2045 2031 prout
2071 1965 2247 2032 potui-

314 2054 453 2099 mus,
482 2036 713 2087 strictim
739 2037 1152 2104 praelibavimus,
1191 2042 1359 2088 restat
1395 2036 1660 2104 quomodo
1695 2037 1894 2087 Divina
1928 2037 2064 2087 ultio
2092 2055 2250 2104 super

313 2108 713 2176 iniquissimum
758 2109 1015 2177 judicem,
1061 2109 1314 2176 piissimae
1357 2109 1505 2160 necis
1550 2126 1735 2160 eorum
1787 2115 2076 2172 auctorem,
2128 2128 2246 2177 per-

313 2181 538 2244 venerit,
568 2181 802 2233 breviter
829 2187 1129 2248 tangamus.
1208 2182 1406 2232 Fuerat
1432 2181 1508 2232 eis
1536 2199 1599 2232 ex
1633 2187 1857 2248 paterno
1897 2188 2249 2249 maternoque

315 2270 464 2303 soror
514 2259 789 2320 procreata
826 2254 1047 2317 semine,
1095 2253 1505 2320 Eormenburga
1554 2253 1639 2304 vel
1682 2254 1963 2305 Domneva
2012 2254 2248 2318 nomine,

316 2343 477 2392 quam
503 2326 737 2377 habebat
771 2326 830 2376 in
866 2326 1176 2393 conjugium
1208 2325 1561 2393 copulationis
1595 2325 1851 2392 legitimae
1884 2344 1978 2377 rex
2013 2326 2245 2378 Mercio-

312 2415 452 2460 rum,
492 2398 855 2449 Mearvvoldus
893 2398 1129 2461 nomine,
1168 2416 1328 2466 quam
1360 2397 1702 2465 Ecgberhtus
1735 2416 1830 2449 rex
1866 2398 1933 2448 ad
1971 2416 2044 2461 se,
2085 2399 2248 2451 misso

313 2470 600 2537 legationis
621 2489 730 2522 suae
752 2471 955 2538 geru10,
984 2471 1245 2538 disposuit
1263 2488 1466 2522 vocare.
1535 2470 1670 2522 Quae
1697 2470 1932 2534 veniens,
1962 2471 2248 2538 suscipitur

317 2542 383 2592 ab
401 2542 649 2593 omnibus
670 2543 988 2609 primatibus
1007 2543 1154 2593 illius
1170 2543 1424 2610 regionis,
1443 2542 1524 2593 uti
1545 2543 1769 2609 dignum
1792 2549 1922 2606 erat,
1944 2543 2249 2594 honorabili

314 2614 607 2680 perspicuae
644 2614 953 2665 ambitionis
990 2615 1271 2681 dignitate.
1349 2615 1660 2666 Decernens
1697 2615 1879 2682 itaque
1921 2633 2040 2666 eam
2079 2615 2247 2667 hono-

313 2703 451 2748 rare,
479 2692 540 2735 ut
567 2686 923 2753 quodcunque
949 2687 1110 2737 vellet
1136 2687 1434 2737 honestatis
1461 2687 1564 2737 sibi
1598 2687 1951 2754 competentis
1985 2687 2043 2737 in
2074 2694 2248 2754 potes-

315 2757 445 2808 tatis
472 2776 580 2808 suae
607 2758 810 2809 ditione
836 2764 1068 2825 rogaret,
1098 2764 1150 2809 et
1178 2758 1292 2809 sine
1326 2775 1477 2809 mora
1513 2758 1792 2824 acciperet,
1836 2765 2021 2810 sancta
2054 2760 2249 2812 mulier

316 2829 511 2880 humili
550 2829 893 2897 responsione
935 2830 1218 2892 subinfert,
1259 2836 1321 2879 ut
1359 2836 1575 2880 tantum
1612 2836 1768 2881 terrae
1805 2830 1887 2881 illi
1932 2832 2246 2883 concederet

320 2906 580 2969 quantum
609 2919 763 2952 cerva
789 2920 949 2969 quam
977 2902 1078 2952 sibi
1102 2901 1385 2964 nutrierat,
1424 2901 1482 2951 in
1508 2920 1617 2952 una
1643 2902 1729 2953 die
1763 2902 1960 2953 Divino
1987 2903 2249 2955 instinctu

318 2973 453 3041 pede
479 2979 801 3040 peragraret.
880 2975 997 3025 Rex
1021 2991 1145 3025 vero
1173 2979 1449 3041 gratanter
1484 2974 1740 3025 continuo
1775 2974 1931 3042 jubet
1966 2975 2024 3024 in
2063 2977 2247 3027 crasti-

319 3064 452 3095 num
478 3046 762 3112 praeparari
788 3046 1047 3097 comitum
1075 3064 1285 3112 agmen,
1315 3064 1419 3112 quo
1445 3045 1634 3108 fretus,
1671 3047 1896 3097 navibus
1924 3047 1990 3097 ad
2016 3047 2249 3100 insulam

321 3118 502 3169 Tened
537 3117 738 3168 dictam
772 3118 970 3169 faceret
1010 3118 1217 3168 callem.
1298 3118 1420 3170 Quo
1457 3118 1634 3185 positi,
1675 3118 1896 3187 ipsaque
1938 3137 2061 3170 cum
2097 3138 2250 3172 cerva

320 3189 552 3240 insulam
579 3189 793 3256 navigio
819 3189 1074 3256 ingressa,
1101 3190 1243 3240 viam
1279 3207 1434 3241 cerva
1458 3191 1725 3241 lustrandi
1751 3191 1955 3259 arripit,
1998 3210 2028 3242 a
2053 3193 2249 3259 princi-

321 3279 492 3329 peque
533 3267 587 3313 et
623 3261 827 3312 Christi
866 3262 1070 3312 famula
1112 3279 1235 3312 cum
1278 3262 1432 3329 plebe
1476 3262 1700 3313 militari
1739 3263 2041 3330 insequitur
2080 3265 2247 3332 equis.

325 3335 359 3384 J
364 3353 450 3385 am
492 3351 555 3385 ex
595 3339 745 3400 parte
787 3333 1179 3401 quamplurima
1220 3333 1518 3396 circumita,
1553 3335 1816 3386 nefandus
1858 3335 2095 3387 carnifex
2134 3344 2248 3387 tur-

322 3407 484 3457 batur
516 3405 735 3468 invidia,
778 3412 831 3457 et
873 3405 1023 3473 quasi
1062 3423 1157 3472 pro
1192 3405 1450 3457 fidelitate
1481 3406 1638 3472 regis,
1680 3406 1768 3457 cui
1804 3407 1941 3457 nihil
1974 3425 2252 3461 remanere

323 3478 605 3529 videbatur
645 3495 708 3529 ex
748 3477 916 3545 ipsius
947 3478 1196 3528 vastitate
1232 3495 1453 3540 amaena,
1491 3478 1667 3544 coepit,
1706 3478 1856 3545 quasi
1896 3479 1954 3528 in
1994 3480 2091 3530 viis
2137 3482 2252 3549 ejus

326 3550 671 3618 compatiens,
692 3550 892 3617 garrire
918 3549 1064 3613 talia,
1095 3554 1128 3577 “
1148 3550 1287 3600 Cum
1314 3555 1507 3600 cuncta
1531 3568 1753 3617 peragas
1781 3551 2099 3619 perspicacis
2124 3571 2249 3620 pru-

1061 3703 1079 3727 d
1108 3701 1249 3742 Psalm
1270 3701 1466 3743 cxxxviii.
1493 3703 1529 3742 6.
