2384 4126
359 399 462 449 180
945 415 1205 448 HISTORIA
1246 414 1703 448 TRANSLATIONUM

1252 564 1387 615 XII.

364 680 623 738 Quomodo
652 680 853 730 Paulus
880 679 1040 730 abbas
1066 685 1115 730 et
1146 679 1406 730 Robertus
1444 680 1638 741 ComeS,
1677 678 1733 729 in
1769 680 1878 730 loco
1919 695 2066 745 quem
2096 677 2291 729 Sancto

538 760 539 763 ’
596 752 875 803 Cuthberto
903 753 1246 815 abstulerant,
1272 752 1479 818 injuriae
1495 769 1704 817 pomam
1729 752 2058 817 receperint.⁰

467 883 646 933 Deum
687 887 740 932 et
784 881 1045 932 miracula
1078 881 1184 931 Dei
1219 899 1341 931 cum
1367 880 1425 930 in
1455 881 1653 931 Sancto
1681 879 1981 930 Cuthberto
2006 880 2289 930 laudantes

359 955 776 1015 consideramus,
797 953 1216 1004 misericordiam
1243 960 1294 1003 et
1316 952 1583 1020 judicium
1606 970 1728 1003 cum
1747 952 2034 1002 Psalmista
2056 952 2292 1002 Domino

363 1033 642 1077 cantamus
662 1025 703 1088 ,d
752 1025 969 1076 Meritis
1020 1042 1254 1091 namque
1304 1024 1579 1091 magnifici
1622 1024 1864 1091 praesulis
1909 1025 2071 1088 Deus,
2109 1026 2294 1091 justus

342 1100 554 1166 judeoe,⁶
591 1101 727 1149 huno
754 1098 997 1148 humiliat
1032 1103 1083 1148 et
1116 1099 1252 1147 hunc
1290 1094 1557 1156 exaltans
1588 1097 1711 1162 quia
1745 1097 1965 1163 suscipit
1999 1103 2294 1147 mansuetos

358 1172 631 1233 Domz’nuS,
660 1170 904 1220 humiliat
931 1175 1103 1220 autem
1123 1174 1433 1234 peccatores
1463 1185 1623 1234 usque
1656 1168 1729 1218 ad
1757 1174 2001 1219 terrama
2078 1170 2293 1219 Horum

359 1243 724 1309 experimenta
757 1241 815 1290 in
848 1241 931 1291 his
969 1259 1086 1307 quae
1117 1242 1230 1307 jam
1260 1240 1457 1307 scripta
1485 1246 1610 1290 sunt
1639 1240 2116 1306 comprobavimus,
2157 1240 2291 1291 etin

357 1315 466 1365 illis
509 1333 627 1382 quae
670 1313 843 1364 adhuc
885 1313 1165 1364 scribenda
1206 1319 1332 1363 sunt
1374 1311 1853 1379 comprobavimus.
1947 1314 2085 1363 Rem
2124 1313 2293 1379 igitur

357 1387 503 1437 haud
529 1387 587 1436 in
613 1386 840 1437 obscuro
877 1391 1084 1453 gestam
1110 1384 1420 1447 referemus,
1453 1384 1519 1435 de
1546 1402 1667 1451 qua,
1695 1402 1763 1435 ne
1791 1384 1907 1451 quis
1935 1384 2291 1435 dubitandum

357 1459 644 1527 putaverit,
684 1477 820 1526 pene
846 1458 1012 1509 totius
1039 1456 1562 1508 Northanhumbriae
1586 1457 1815 1524 populus
1841 1457 1996 1508 testis
2024 1457 2241 1508 assistit.

470 1532 778 1582 Rodbertus
808 1531 872 1582 de
899 1530 1168 1592 Mubreio,
1213 1529 1391 1580 animo
1417 1529 1704 1580 vehemens
1736 1535 1789 1579 et
1824 1529 1985 1579 armis
2024 1535 2292 1593 strenuus,

358 1604 453 1655 ubi
489 1604 793 1655 Comitatus
827 1603 1030 1654 honore
1064 1602 1390 1670 potiebatur,
1429 1601 1487 1651 in
1521 1601 1740 1652 honoris
1776 1601 2161 1652 detrimentum
2198 1603 2290 1652 ad-

358 1695 541 1728 versus
584 1675 863 1727 ecclesiam
907 1675 1093 1725 Sancti
1137 1674 1273 1725 odiis
1314 1674 1632 1741 exagitatur.
1712 1673 1779 1724 Id
1819 1674 1961 1725 enim
2007 1674 2063 1724 in
2107 1675 2294 1741 primis

361 1749 528 1800 studii
570 1766 730 1815 quam
772 1747 1002 1798 maxime
1037 1746 1245 1809 habuit,
1285 1752 1347 1796 ut
1383 1746 1665 1797 calumniis
1692 1746 1972 1813 fatigatam
2001 1752 2054 1797 et
2080 1746 2295 1815 injuriis

361 1821 703 1888 opprimeret.
772 1820 1127 1886 Quacumque
1153 1837 1238 1870 res
1263 1818 1408 1868 illius
1435 1836 1624 1869 vexare
1652 1824 1705 1869 et
1727 1819 1851 1886 jura
1878 1818 2156 1869 contendit
2184 1819 2291 1869 dis-

362 1894 534 1961 sipare
551 1915 565 1956 3
621 1892 873 1962 quicquid
920 1892 1125 1942 adversi
1169 1896 1377 1959 poterat
1420 1891 1611 1954 facere,
1658 1891 1941 1958 plusquam
1986 1897 2194 1958 poterat
2239 1909 2294 1942 se

360 1966 631 2016 facturum
672 1964 883 2015 minari.
977 1964 1138 2015 Unde
1181 1971 1234 2014 et
1276 1963 1554 2014 ecclesiam
1599 1963 1657 2012 in
1701 1963 2043 2025 Tinemuthe,
2095 1964 2296 2031 proprii

361 2038 610 2089 videlicet
640 2037 778 2105 juris
805 2036 1042 2087 ecclesiae
1067 2035 1232 2104 patris
1262 2035 1568 2097 Cuthberti,
1603 2041 1665 2085 ut
1690 2041 1805 2086 tota
1831 2035 2103 2102 provincia
2127 2036 2296 2099 novit,

361 2111 592 2178 primam
636 2109 905 2160 violentiae
951 2126 1058 2159 suae
1092 2108 1327 2176 praedam
1369 2108 1546 2159 efficit.
1625 2107 1772 2158 Hinc
1807 2107 2036 2174 denique
2066 2108 2169 2175 ipsi
2205 2109 2296 2175 qui

363 2182 457 2233 diu
500 2181 935 2233 inhabitaverant
980 2180 1248 2243 monachi,
1287 2180 1453 2230 immo
1493 2180 1551 2229 in
1591 2180 1869 2230 monachis
1911 2179 2023 2247 ipse
2064 2181 2295 2231 Sanctus

363 2272 487 2305 cum
533 2254 859 2305 contumelia
902 2253 1202 2321 expellitur,
1243 2258 1297 2303 et
1346 2252 1405 2302 in
1454 2252 1611 2305 Pauli
1652 2252 1929 2320 cujusdam
1976 2252 2199 2315 abbatis,
2239 2253 2298 2303 in

361 2328 658 2394 longinquo
705 2326 966 2393 degentis,
1008 2325 1307 2376 dominium
1358 2343 1419 2376 ea
1468 2324 1806 2375 transfertur.
1887 2325 2063 2376 Quem
2113 2331 2298 2376 tamen

364 2399 630 2462 abbatem,
671 2417 739 2449 ne
784 2398 1028 2466 rapinam
1074 2397 1367 2465 suscipiens
1414 2397 1651 2448 ecclesiae
1691 2397 1963 2464 proposito
2009 2403 2062 2448 et
2108 2397 2297 2464 gradui

360 2472 618 2540 injuriam
661 2471 879 2534 faceret,
931 2470 1183 2521 monachi
1228 2469 1623 2520 Dunelmenses
1660 2469 1856 2520 litteris
1893 2469 2163 2536 legatariis
2201 2487 2297 2537 per

364 2545 583 2612 seipSOS,
603 2562 698 2611 per
716 2561 954 2611 quosque
970 2542 1263 2609 religiosos,
1282 2541 1568 2604 monendO,
1587 2541 1928 2605 obsecrando,
1946 2541 2295 2609 prohibendo,

364 2617 494 2667 satis
536 2617 770 2698 quidem,
830 2615 923 2666 sed
973 2615 1189 2678 frustra,
1245 2614 1563 2665 studueiant
1611 2631 1872 2664 revocare.
1968 2614 2096 2663 Non
2140 2614 2295 2664 illum

366 2689 541 2756 gratia
567 2690 883 2756 cujusquam
908 2687 1235 2748 inflectebat,
1256 2704 1366 2737 non
1387 2686 1616 2753 denique
1635 2686 1923 2737 venerandi
1946 2686 2296 2749 Confessoris,

363 2779 474 2811 non
501 2761 703 2811 ordinis
729 2760 1045 2822 reverentia,
1074 2759 1361 2826 quominus
1395 2759 1637 2825 rapinam
1672 2758 1981 2825 susciperet,
2008 2758 2292 2809 retinebat.

364 2833 574 2883 Verum
612 2850 723 2883 non
762 2832 978 2899 inpune.
1057 2832 1137 2882 Ut
1173 2831 1315 2882 enim
1357 2848 1536 2882 rerum
1576 2830 1751 2881 exitus
1783 2830 2013 2892 edocuit,
2052 2837 2295 2897 uterque,

367 2904 570 2955 scilicet
595 2904 807 2971 rapiens
835 2910 888 2954 et
914 2903 1157 2970 rapinam
1187 2902 1482 2969 possidens,
1518 2902 1880 2953 temeritatem
1907 2919 2062 2969 poena
2087 2902 2297 2953 vindice

364 2976 633 3044 persolvit.
725 2975 909 3026 Abbas
963 2975 1125 3036 enim,
1168 2974 1453 3041 praemissis
1489 2974 1810 3041 jamdudum
1854 2974 2149 3036 monachis,
2204 2975 2298 3025 ubi

366 3054 486 3115 post
529 3047 641 3114 ipse
683 3065 908 3113 sequens
950 3046 1230 3097 ecclesiam
1260 3046 1430 3113 ipsam
1469 3045 1700 3112 primum
1731 3045 1953 3108 viderat,
1994 3045 2175 3096 subita
2210 3046 2293 3096 in-

366 3120 621 3170 firmitate
649 3119 934 3185 corripitur
950 3139 964 3180 3
1008 3124 1062 3168 et
1097 3117 1189 3184 qui
1225 3136 1385 3168 sanus
1412 3122 1465 3168 et
1494 3116 1782 3180 incolumis
1810 3117 2114 3180 advenerat,
2153 3136 2295 3169 mor-

364 3199 492 3243 tuus
528 3191 748 3241 domum
785 3190 1074 3241 revehitur.
1166 3190 1241 3239 At
1270 3190 1480 3250 Comes,
1515 3188 1799 3256 interjecto
1824 3195 2080 3256 tempore,
2120 3190 2296 3253 malis,

367 3264 570 3315 offenso
599 3263 700 3313 sibi
724 3280 869 3329 rege,
899 3261 1347 3324 circumvallatUS,
1369 3261 1499 3311 dum
1526 3261 1847 3311 circumfuso
1874 3279 2298 3328 quaquaversum

366 3336 520 3387 hoste
559 3334 882 3402 procedendi
916 3339 969 3384 et
1008 3332 1269 3384 redeundi
1309 3333 1395 3383 via
1436 3332 1748 3396 obstruitur,
1789 3333 2171 3384 Tinemutham
2203 3352 2298 3401 pro

450 3463 465 3480 ⁶
495 3454 679 3507 Symeon
698 3453 848 3494 relates
867 3465 970 3504 very
988 3452 1138 3504 briefly
1160 3451 1352 3504 (chapter
1370 3451 1495 3504 lxiii.)
1517 3452 1591 3492 the
1616 3452 1867 3504 particulars
1894 3453 1941 3494 of
1963 3453 2037 3494 the
2056 3453 2137 3494 loss
2158 3454 2204 3494 of
2225 3454 2298 3494 the

367 3511 529 3551 church
550 3511 596 3550 of
620 3508 909 3562 Ty‘nemouth,
937 3508 1012 3548 the
1046 3507 1174 3548 death
1203 3508 1250 3547 of
1274 3508 1399 3547 abbat
1419 3507 1543 3557 Paul,
1572 3508 1657 3548 and.
1680 3508 1754 3548 the
1773 3508 2046 3549 missortunes
2067 3510 2112 3548 of
2136 3508 2299 3549 Robert

367 3567 418 3606 de
444 3566 672 3617 Moubray,
702 3565 781 3605 but
811 3564 847 3604 it
879 3563 914 3603 is
947 3563 1022 3603 the
1051 3562 1341 3614 independent
1371 3563 1585 3603 narrative
1620 3563 1666 3602 of
1691 3576 1715 3602 a
1744 3565 2081 3616 contemporary,
2111 3565 2192 3603 and
2222 3566 2298 3603 not

367 3621 539 3662 derived
558 3620 668 3660 from
687 3619 774 3659 this
793 3619 923 3668 work,
953 3617 1162 3668 although
1183 3617 1330 3669 tinged
1349 3619 1393 3657 to
1414 3630 1527 3658 some
1547 3619 1695 3658 extent
1720 3619 1777 3670 by
1796 3618 1870 3659 the
1891 3631 2002 3659 same
2021 3617 2269 3670 prejudices.

450 3675 469 3699 ‘¹
498 3675 639 3715 Psalm
660 3674 710 3715 ci.
733 3678 770 3715 1.
1215 3680 1229 3695 ‘'
1260 3672 1401 3712 Psalm
1422 3672 1492 3712 vii.
1516 3676 1578 3713 12.

444 3728 468 3760 f
494 3730 635 3770 Psahn
655 3730 766 3772 lxxv,
789 3732 826 3770 8.
1212 3736 1234 3758 δ’
1264 3727 1404 3767 Psahn
1427 3727 1563 3768 cxlvii.
1586 3730 1623 3768 G.
