<?xml version="1.0" encoding="UTF-8"?>
<!DOCTYPE html PUBLIC "-//W3C//DTD XHTML 1.0 Transitional//EN"
    "http://www.w3.org/TR/xhtml1/DTD/xhtml1-transitional.dtd">
<html xmlns="http://www.w3.org/1999/xhtml" xml:lang="en" lang="en">
 <head>
  <title>
</title>
<meta http-equiv="Content-Type" content="text/html;charset=utf-8" />
  <meta name='ocr-system' content='tesseract 3.04.00' />
  <meta name='ocr-capabilities' content='ocr_page ocr_carea ocr_par ocr_line ocrx_word'/>
</head>
<body>
  <div class='ocr_page' id='page_1' title='image "./operacollect00simerich_0168.png"; bbox 0 0 2384 4126; ppageno 0'>
   <div class='ocr_carea' id='block_1_1' title="bbox 309 392 1631 442">
    <p class='ocr_par' dir='ltr' id='par_1_1' title="bbox 309 392 1631 442">
     <span class='ocr_line' id='line_1_1' title="bbox 309 392 1631 442; baseline -0.008 -1"><span class='ocrx_word' id='word_1_1' title='bbox 309 392 377 442; x_wconf 82' lang='lat'>78</span> <span class='ocrx_word' id='word_1_2' title='bbox 924 402 1198 436; x_wconf 77' lang='lat' dir='ltr'>SYMEole</span> <span class='ocrx_word' id='word_1_3' title='bbox 1240 398 1631 433; x_wconf 82' lang='lat' dir='ltr'>DUNELMENSls</span> 
     </span>
    </p>
   </div>
   <div class='ocr_carea' id='block_1_2' title="bbox 346 919 2210 1193">
    <p class='ocr_par' dir='ltr' id='par_1_2' title="bbox 346 919 2210 1193">
     <span class='ocr_line' id='line_1_2' title="bbox 346 919 2210 1008; baseline -0.007 0"><span class='ocrx_word' id='word_1_4' title='bbox 346 927 1077 1008; x_wconf 76' lang='lat' dir='ltr'><strong>SYMEONIS</strong></span> <span class='ocrx_word' id='word_1_5' title='bbox 1174 919 2210 1001; x_wconf 73' lang='lat' dir='ltr'><strong>DUNELMENSIS</strong></span> 
     </span>
     <span class='ocr_line' id='line_1_3' title="bbox 690 1114 1884 1193; baseline -0.007 0"><span class='ocrx_word' id='word_1_6' title='bbox 690 1118 1138 1193; x_wconf 68' lang='lat' dir='ltr'><strong>HISTORIAE</strong></span> <span class='ocrx_word' id='word_1_7' title='bbox 1212 1114 1884 1188; x_wconf 83' lang='lat' dir='ltr'><strong>CONTINUATIO.f</strong></span> 
     </span>
    </p>
   </div>
   <div class='ocr_carea' id='block_1_3' title="bbox 1097 1544 1466 1579">
    <p class='ocr_par' dir='ltr' id='par_1_3' title="bbox 1097 1544 1466 1579">
     <span class='ocr_line' id='line_1_4' title="bbox 1097 1544 1466 1579; baseline -0.008 0"><span class='ocrx_word' id='word_1_8' title='bbox 1097 1544 1466 1579; x_wconf 87' lang='lat' dir='ltr'>DCCCCLXVIII.</span> 
     </span>
    </p>
   </div>
   <div class='ocr_carea' id='block_1_4' title="bbox 317 1618 2252 2144">
    <p class='ocr_par' dir='ltr' id='par_1_4' title="bbox 317 1618 2252 2144">
     <span class='ocr_line' id='line_1_5' title="bbox 317 1618 2248 1689; baseline -0.002 -17"><span class='ocrx_word' id='word_1_9' title='bbox 317 1621 485 1672; x_wconf 85' lang='lat' dir='ltr'>ANNo</span> <span class='ocrx_word' id='word_1_10' title='bbox 503 1621 840 1688; x_wconf 82' lang='lat' dir='ltr'>Dcocc.lxviij</span> <span class='ocrx_word' id='word_1_11' title='bbox 861 1620 1128 1672; x_wconf 86' lang='lat' dir='ltr'>Aldredus</span> <span class='ocrx_word' id='word_1_12' title='bbox 1148 1621 1425 1689; x_wconf 86' lang='lat' dir='ltr'>episcopus</span> <span class='ocrx_word' id='word_1_13' title='bbox 1448 1619 1589 1687; x_wconf 89' lang='lat' dir='ltr'>apud</span> <span class='ocrx_word' id='word_1_14' title='bbox 1608 1620 1867 1670; x_wconf 86' lang='lat' dir='ltr'>Sanctum</span> <span class='ocrx_word' id='word_1_15' title='bbox 1886 1618 2248 1670; x_wconf 83' lang='lat' dir='ltr'>Cuthbertum</span> 
     </span>
     <span class='ocr_line' id='line_1_6' title="bbox 317 1691 2247 1759; baseline -0.001 -16"><span class='ocrx_word' id='word_1_16' title='bbox 317 1693 373 1743; x_wconf 91' lang='lat' dir='ltr'>in</span> <span class='ocrx_word' id='word_1_17' title='bbox 417 1694 777 1745; x_wconf 84' lang='lat' dir='ltr'>Cuneacestre</span> <span class='ocrx_word' id='word_1_18' title='bbox 805 1694 914 1744; x_wconf 86' lang='lat' dir='ltr'>vita</span> <span class='ocrx_word' id='word_1_19' title='bbox 942 1694 1168 1745; x_wconf 76' lang='lat' dir='ltr'>decessit</span> <span class='ocrx_word' id='word_1_20' title='bbox 1188 1715 1201 1755; x_wconf 83' lang='lat'>,-</span> <span class='ocrx_word' id='word_1_21' title='bbox 1245 1693 1329 1744; x_wconf 92' lang='lat' dir='ltr'>cui</span> <span class='ocrx_word' id='word_1_22' title='bbox 1366 1693 1568 1743; x_wconf 83' lang='lat' dir='ltr'>Elfsius</span> <span class='ocrx_word' id='word_1_23' title='bbox 1601 1692 1657 1741; x_wconf 92' lang='lat' dir='ltr'>in</span> <span class='ocrx_word' id='word_1_24' title='bbox 1693 1691 2060 1759; x_wconf 87' lang='lat' dir='ltr'>episcopatum</span> <span class='ocrx_word' id='word_1_25' title='bbox 2099 1709 2247 1743; x_wconf 89' lang='lat' dir='ltr'>succ-</span> 
     </span>
     <span class='ocr_line' id='line_1_7' title="bbox 317 1766 463 1816; baseline 0 0"><span class='ocrx_word' id='word_1_26' title='bbox 317 1766 463 1816; x_wconf 90' lang='lat' dir='ltr'>essit.</span> 
     </span>
     <span class='ocr_line' id='line_1_8' title="bbox 1133 1854 1448 1889; baseline -0.006 0"><span class='ocrx_word' id='word_1_27' title='bbox 1133 1854 1448 1889; x_wconf 82' lang='lat' dir='ltr'>Dccccxclv.</span> 
     </span>
     <span class='ocr_line' id='line_1_9' title="bbox 429 1929 2251 1999; baseline -0.001 -18"><span class='ocrx_word' id='word_1_28' title='bbox 429 1931 593 1982; x_wconf 86' lang='lat' dir='ltr'>Anno</span> <span class='ocrx_word' id='word_1_29' title='bbox 645 1931 980 1999; x_wconf 62' lang='lat' dir='ltr'>Doce-exenii</span> <span class='ocrx_word' id='word_1_30' title='bbox 1030 1931 1294 1982; x_wconf 87' lang='lat' dir='ltr'>Ricardus</span> <span class='ocrx_word' id='word_1_31' title='bbox 1346 1930 1579 1993; x_wconf 80' lang='lat' dir='ltr'>Primus,</span> <span class='ocrx_word' id='word_1_32' title='bbox 1630 1929 1740 1980; x_wconf 82' lang='lat' dir='ltr'>dux</span> <span class='ocrx_word' id='word_1_33' title='bbox 1789 1930 2251 1992; x_wconf 86' lang='lat' dir='ltr'>Normannorum,</span> 
     </span>
     <span class='ocr_line' id='line_1_10' title="bbox 321 2002 2252 2071; baseline -0.001 -17"><span class='ocrx_word' id='word_1_34' title='bbox 321 2003 472 2067; x_wconf 83' lang='lat' dir='ltr'>obiit,</span> <span class='ocrx_word' id='word_1_35' title='bbox 526 2004 677 2071; x_wconf 85' lang='lat' dir='ltr'>cujus</span> <span class='ocrx_word' id='word_1_36' title='bbox 724 2004 866 2054; x_wconf 89' lang='lat' dir='ltr'>filius</span> <span class='ocrx_word' id='word_1_37' title='bbox 910 2004 1175 2054; x_wconf 85' lang='lat' dir='ltr'>Ricardus</span> <span class='ocrx_word' id='word_1_38' title='bbox 1218 2021 1329 2054; x_wconf 87' lang='lat' dir='ltr'>uno</span> <span class='ocrx_word' id='word_1_39' title='bbox 1371 2021 1512 2053; x_wconf 88' lang='lat' dir='ltr'>anno</span> <span class='ocrx_word' id='word_1_40' title='bbox 1558 2002 1829 2052; x_wconf 89' lang='lat' dir='ltr'>successit.</span> <span class='ocrx_word' id='word_1_41' title='bbox 1921 2003 2051 2053; x_wconf 90' lang='lat' dir='ltr'>Post</span> <span class='ocrx_word' id='word_1_42' title='bbox 2093 2021 2252 2069; x_wconf 91' lang='lat' dir='ltr'>quem</span> 
     </span>
     <span class='ocr_line' id='line_1_11' title="bbox 319 2076 1105 2144; baseline 0 -18"><span class='ocrx_word' id='word_1_43' title='bbox 319 2076 486 2127; x_wconf 85' lang='lat' dir='ltr'>frater</span> <span class='ocrx_word' id='word_1_44' title='bbox 511 2076 752 2144; x_wconf 83' lang='lat' dir='ltr'>ejusdem</span> <span class='ocrx_word' id='word_1_45' title='bbox 780 2076 1105 2127; x_wconf 84' lang='lat' dir='ltr'>Rodbertus.</span> 
     </span>
    </p>
   </div>
   <div class='ocr_carea' id='block_1_5' title="bbox 1146 2207 1436 2241">
    <p class='ocr_par' dir='ltr' id='par_1_5' title="bbox 1146 2207 1436 2241">
     <span class='ocr_line' id='line_1_12' title="bbox 1146 2207 1436 2241; baseline 0.003 -1"><span class='ocrx_word' id='word_1_46' title='bbox 1146 2207 1436 2241; x_wconf 88' lang='lat' dir='ltr'>DCCCCXCV.</span> 
     </span>
    </p>
   </div>
   <div class='ocr_carea' id='block_1_6' title="bbox 319 2281 2256 2423">
    <p class='ocr_par' dir='ltr' id='par_1_6' title="bbox 319 2281 2256 2423">
     <span class='ocr_line' id='line_1_13' title="bbox 430 2281 2256 2350; baseline -0.001 -16"><span class='ocrx_word' id='word_1_47' title='bbox 430 2283 593 2334; x_wconf 88' lang='lat' dir='ltr'>Anno</span> <span class='ocrx_word' id='word_1_48' title='bbox 636 2300 927 2335; x_wconf 85' lang='lat' dir='ltr'>Dcccc.xcv</span> <span class='ocrx_word' id='word_1_49' title='bbox 971 2283 1221 2334; x_wconf 88' lang='lat' dir='ltr'>Aldunus</span> <span class='ocrx_word' id='word_1_50' title='bbox 1259 2283 1538 2350; x_wconf 86' lang='lat' dir='ltr'>episcopus</span> <span class='ocrx_word' id='word_1_51' title='bbox 1579 2281 1859 2333; x_wconf 86' lang='lat' dir='ltr'>transtulit</span> <span class='ocrx_word' id='word_1_52' title='bbox 1893 2282 1959 2333; x_wconf 89' lang='lat' dir='ltr'>de</span> <span class='ocrx_word' id='word_1_53' title='bbox 1987 2283 2173 2334; x_wconf 86' lang='lat' dir='ltr'>Cestre</span> <span class='ocrx_word' id='word_1_54' title='bbox 2199 2282 2256 2333; x_wconf 90' lang='lat' dir='ltr'>in</span> 
     </span>
     <span class='ocr_line' id='line_1_14' title="bbox 319 2355 1368 2423; baseline -0.001 -17"><span class='ocrx_word' id='word_1_55' title='bbox 319 2355 600 2406; x_wconf 86' lang='lat' dir='ltr'>Dunholm</span> <span class='ocrx_word' id='word_1_56' title='bbox 629 2373 821 2423; x_wconf 88' lang='lat' dir='ltr'>corpus</span> <span class='ocrx_word' id='word_1_57' title='bbox 851 2356 1037 2407; x_wconf 78' lang='lat' dir='ltr'>Sancti</span> <span class='ocrx_word' id='word_1_58' title='bbox 1065 2355 1368 2407; x_wconf 88' lang='lat' dir='ltr'>Cuthberti.</span> 
     </span>
    </p>
   </div>
   <div class='ocr_carea' id='block_1_7' title="bbox 1257 2488 1318 2521">
    <p class='ocr_par' dir='ltr' id='par_1_7' title="bbox 1257 2488 1318 2521">
     <span class='ocr_line' id='line_1_15' title="bbox 1257 2488 1318 2521; baseline -0.016 0"><span class='ocrx_word' id='word_1_59' title='bbox 1257 2488 1318 2521; x_wconf 89' lang='lat' dir='ltr'>M.</span> 
     </span>
    </p>
   </div>
   <div class='ocr_carea' id='block_1_8' title="bbox 326 2561 2255 2775">
    <p class='ocr_par' dir='ltr' id='par_1_8' title="bbox 326 2561 2255 2775">
     <span class='ocr_line' id='line_1_16' title="bbox 434 2561 2254 2615; baseline -0.002 0"><span class='ocrx_word' id='word_1_60' title='bbox 434 2565 648 2615; x_wconf 85' lang='lat' dir='ltr'>“Anno</span> <span class='ocrx_word' id='word_1_61' title='bbox 685 2563 751 2615; x_wconf 89' lang='lat' dir='ltr'>ab</span> <span class='ocrx_word' id='word_1_62' title='bbox 786 2564 1156 2614; x_wconf 79' lang='lat' dir='ltr'>incarnatione</span> <span class='ocrx_word' id='word_1_63' title='bbox 1193 2563 1414 2614; x_wconf 89' lang='lat' dir='ltr'>Domini</span> <span class='ocrx_word' id='word_1_64' title='bbox 1449 2562 1736 2614; x_wconf 86' lang='lat' dir='ltr'>millesimo</span> <span class='ocrx_word' id='word_1_65' title='bbox 1763 2563 2044 2613; x_wconf 86' lang='lat' dir='ltr'>Danorum</span> <span class='ocrx_word' id='word_1_66' title='bbox 2071 2561 2254 2613; x_wconf 88' lang='lat' dir='ltr'>classis</span> 
     </span>
     <span class='ocr_line' id='line_1_17' title="bbox 329 2634 2255 2703; baseline 0 -18"><span class='ocrx_word' id='word_1_67' title='bbox 329 2641 363 2664; x_wconf 86' lang='lat'><em>“</em></span> <span class='ocrx_word' id='word_1_68' title='bbox 385 2636 608 2703; x_wconf 85' lang='lat' dir='ltr'>praefata</span> <span class='ocrx_word' id='word_1_69' title='bbox 635 2636 736 2687; x_wconf 90' lang='lat' dir='ltr'>hoc</span> <span class='ocrx_word' id='word_1_70' title='bbox 763 2654 904 2686; x_wconf 89' lang='lat' dir='ltr'>anno</span> <span class='ocrx_word' id='word_1_71' title='bbox 930 2636 1328 2686; x_wconf 87' lang='lat' dir='ltr'>Normanniam</span> <span class='ocrx_word' id='word_1_72' title='bbox 1354 2635 1547 2703; x_wconf 84' lang='lat' dir='ltr'>petit,’&#39;</span> <span class='ocrx_word' id='word_1_73' title='bbox 1584 2641 1702 2698; x_wconf 65' lang='lat' dir='ltr'>etc„</span> <span class='ocrx_word' id='word_1_74' title='bbox 1746 2641 1799 2686; x_wconf 89' lang='lat' dir='ltr'>et</span> <span class='ocrx_word' id='word_1_75' title='bbox 1825 2634 2069 2703; x_wconf 80' lang='lat' dir='ltr'>sequenti</span> <span class='ocrx_word' id='word_1_76' title='bbox 2097 2652 2255 2697; x_wconf 86' lang='lat' dir='ltr'>anno,</span> 
     </span>
     <span class='ocr_line' id='line_1_18' title="bbox 326 2707 1597 2775; baseline -0.001 -17"><span class='ocrx_word' id='word_1_77' title='bbox 326 2708 392 2758; x_wconf 91' lang='lat' dir='ltr'>ad</span> <span class='ocrx_word' id='word_1_78' title='bbox 418 2708 674 2775; x_wconf 84' lang='lat' dir='ltr'>Angliam</span> <span class='ocrx_word' id='word_1_79' title='bbox 700 2726 929 2770; x_wconf 82' lang='lat' dir='ltr'>reversa,</span> <span class='ocrx_word' id='word_1_80' title='bbox 969 2709 1153 2775; x_wconf 88' lang='lat' dir='ltr'>pejora</span> <span class='ocrx_word' id='word_1_81' title='bbox 1178 2708 1442 2774; x_wconf 81' lang='lat' dir='ltr'>prioribus</span> <span class='ocrx_word' id='word_1_82' title='bbox 1471 2707 1597 2774; x_wconf 84' lang='lat' dir='ltr'>egit.</span> 
     </span>
    </p>
   </div>
   <div class='ocr_carea' id='block_1_9' title="bbox 1235 2838 1344 2871">
    <p class='ocr_par' dir='ltr' id='par_1_9' title="bbox 1235 2838 1344 2871">
     <span class='ocr_line' id='line_1_19' title="bbox 1235 2838 1344 2871; baseline -0.009 0"><span class='ocrx_word' id='word_1_83' title='bbox 1235 2838 1344 2871; x_wconf 91' lang='grc' dir='ltr'>ΜΙῘ.</span> 
     </span>
    </p>
   </div>
   <div class='ocr_carea' id='block_1_10' title="bbox 328 2912 2260 3196">
    <p class='ocr_par' dir='ltr' id='par_1_10' title="bbox 328 2912 2260 3196">
     <span class='ocr_line' id='line_1_20' title="bbox 440 2912 2259 2980; baseline -0.001 -16"><span class='ocrx_word' id='word_1_84' title='bbox 440 2918 474 2941; x_wconf 82' lang='lat'><em>“</em></span> <span class='ocrx_word' id='word_1_85' title='bbox 492 2914 655 2964; x_wconf 89' lang='lat' dir='ltr'>Anno</span> <span class='ocrx_word' id='word_1_86' title='bbox 677 2913 779 2980; x_wconf 84' lang='lat' dir='ltr'>M.ij</span> <span class='ocrx_word' id='word_1_87' title='bbox 804 2914 1072 2976; x_wconf 83' lang='lat' dir='ltr'>Emmam,</span> <span class='ocrx_word' id='word_1_88' title='bbox 1094 2913 1356 2964; x_wconf 85' lang='lat' dir='ltr'>Saxonice</span> <span class='ocrx_word' id='word_1_89' title='bbox 1375 2912 1643 2979; x_wconf 83' lang='lat' dir='ltr'>Elfgivam</span> <span class='ocrx_word' id='word_1_90' title='bbox 1665 2918 1923 2974; x_wconf 83' lang='lat' dir='ltr'>vocatam,</span> <span class='ocrx_word' id='word_1_91' title='bbox 1947 2912 2094 2963; x_wconf 88' lang='lat' dir='ltr'>ducis</span> <span class='ocrx_word' id='word_1_92' title='bbox 2116 2913 2259 2963; x_wconf 89' lang='lat' dir='ltr'>Nor-</span> 
     </span>
     <span class='ocr_line' id='line_1_21' title="bbox 330 2984 2259 3051; baseline -0.001 -15"><span class='ocrx_word' id='word_1_93' title='bbox 330 2990 364 3013; x_wconf 83' lang='lat'><em>“</em></span> <span class='ocrx_word' id='word_1_94' title='bbox 385 3003 708 3036; x_wconf 88' lang='lat' dir='ltr'>mannorum</span> <span class='ocrx_word' id='word_1_95' title='bbox 730 2985 899 3035; x_wconf 81' lang='lat' dir='ltr'>Primi</span> <span class='ocrx_word' id='word_1_96' title='bbox 919 2985 1136 3036; x_wconf 86' lang='lat' dir='ltr'>Ricardi</span> <span class='ocrx_word' id='word_1_97' title='bbox 1163 2985 1348 3046; x_wconf 86' lang='lat' dir='ltr'>filiam,</span> <span class='ocrx_word' id='word_1_98' title='bbox 1369 3003 1461 3035; x_wconf 88' lang='lat' dir='ltr'>rex</span> <span class='ocrx_word' id='word_1_99' title='bbox 1482 2984 1777 3051; x_wconf 87' lang='lat' dir='ltr'>Egelredus</span> <span class='ocrx_word' id='word_1_100' title='bbox 1804 2985 1957 3034; x_wconf 86' lang='lat' dir='ltr'>duxit</span> <span class='ocrx_word' id='word_1_101' title='bbox 1982 3002 2204 3036; x_wconf 81' lang='lat' dir='ltr'>uxorem</span> <span class='ocrx_word' id='word_1_102' title='bbox 2224 2986 2259 3009; x_wconf 73' lang='lat'>&#39;²</span> 
     </span>
     <span class='ocr_line' id='line_1_22' title="bbox 328 3056 2260 3125; baseline -0.001 -17"><span class='ocrx_word' id='word_1_103' title='bbox 328 3059 394 3108; x_wconf 89' lang='lat' dir='ltr'>de</span> <span class='ocrx_word' id='word_1_104' title='bbox 422 3076 528 3125; x_wconf 91' lang='lat' dir='ltr'>qua</span> <span class='ocrx_word' id='word_1_105' title='bbox 552 3057 696 3108; x_wconf 90' lang='lat' dir='ltr'>idem</span> <span class='ocrx_word' id='word_1_106' title='bbox 721 3075 815 3108; x_wconf 85' lang='lat' dir='ltr'>rex</span> <span class='ocrx_word' id='word_1_107' title='bbox 841 3057 1199 3107; x_wconf 86' lang='lat' dir='ltr'>Eadwardum</span> <span class='ocrx_word' id='word_1_108' title='bbox 1225 3075 1425 3123; x_wconf 81' lang='lat' dir='ltr'>regem,</span> <span class='ocrx_word' id='word_1_109' title='bbox 1447 3074 1659 3107; x_wconf 86' lang='lat' dir='ltr'>necnon</span> <span class='ocrx_word' id='word_1_110' title='bbox 1678 3056 1980 3119; x_wconf 86' lang='lat' dir='ltr'>Alfredum,</span> <span class='ocrx_word' id='word_1_111' title='bbox 2012 3057 2260 3108; x_wconf 86' lang='lat' dir='ltr'>Godwini</span> 
     </span>
     <span class='ocr_line' id='line_1_23' title="bbox 329 3128 2093 3196; baseline -0.001 -16"><span class='ocrx_word' id='word_1_112' title='bbox 329 3130 541 3181; x_wconf 88' lang='lat' dir='ltr'>comitis</span> <span class='ocrx_word' id='word_1_113' title='bbox 569 3130 732 3196; x_wconf 81' lang='lat' dir='ltr'>longo</span> <span class='ocrx_word' id='word_1_114' title='bbox 758 3135 878 3196; x_wconf 86' lang='lat' dir='ltr'>post</span> <span class='ocrx_word' id='word_1_115' title='bbox 904 3135 1143 3196; x_wconf 88' lang='lat' dir='ltr'>tempore</span> <span class='ocrx_word' id='word_1_116' title='bbox 1172 3128 1306 3179; x_wconf 86' lang='lat' dir='ltr'>dolis</span> <span class='ocrx_word' id='word_1_117' title='bbox 1335 3129 1740 3195; x_wconf 83' lang='lat' dir='ltr'>interemptum,</span> <span class='ocrx_word' id='word_1_118' title='bbox 1780 3129 2093 3195; x_wconf 85' lang='lat' dir='ltr'>procreavit.</span> 
     </span>
    </p>
   </div>
   <div class='ocr_carea' id='block_1_11' title="bbox 1205 3260 1377 3293">
    <p class='ocr_par' dir='ltr' id='par_1_11' title="bbox 1205 3260 1377 3293">
     <span class='ocr_line' id='line_1_24' title="bbox 1205 3260 1377 3293; baseline 0.006 -1"><span class='ocrx_word' id='word_1_119' title='bbox 1205 3260 1377 3293; x_wconf 86' lang='grc' dir='ltr'><strong>ΜΧΙΙΙ.</strong></span> 
     </span>
    </p>
   </div>
   <div class='ocr_carea' id='block_1_12' title="bbox 402 3335 2258 3403">
    <p class='ocr_par' dir='ltr' id='par_1_12' title="bbox 402 3335 2258 3403">
     <span class='ocr_line' id='line_1_25' title="bbox 402 3335 2258 3403; baseline -0.001 -15"><span class='ocrx_word' id='word_1_120' title='bbox 402 3338 615 3389; x_wconf 84' lang='lat' dir='ltr'>“Anno</span> <span class='ocrx_word' id='word_1_121' title='bbox 661 3335 825 3403; x_wconf 84' lang='lat' dir='ltr'>M.xiij</span> <span class='ocrx_word' id='word_1_122' title='bbox 869 3353 962 3386; x_wconf 87' lang='lat' dir='ltr'>rex</span> <span class='ocrx_word' id='word_1_123' title='bbox 1007 3335 1305 3402; x_wconf 82' lang='lat' dir='ltr'>Egelredus</span> <span class='ocrx_word' id='word_1_124' title='bbox 1345 3335 1588 3402; x_wconf 81' lang='lat' dir='ltr'>reginam</span> <span class='ocrx_word' id='word_1_125' title='bbox 1627 3336 1937 3399; x_wconf 80' lang='lat' dir='ltr'>Emmam,”</span> <span class='ocrx_word' id='word_1_126' title='bbox 1978 3354 2099 3387; x_wconf 90' lang='lat' dir='ltr'>cum</span> <span class='ocrx_word' id='word_1_127' title='bbox 2140 3336 2258 3387; x_wconf 89' lang='lat' dir='ltr'>the-</span> 
     </span>
    </p>
   </div>
   <div class='ocr_carea' id='block_1_13' title="bbox 331 3407 2263 3472">
    <p class='ocr_par' dir='ltr' id='par_1_13' title="bbox 331 3407 2263 3472">
     <span class='ocr_line' id='line_1_26' title="bbox 331 3407 2263 3472; baseline -0.002 -10"><span class='ocrx_word' id='word_1_128' title='bbox 331 3410 520 3472; x_wconf 82' lang='lat' dir='ltr'>sauris,</span> <span class='ocrx_word' id='word_1_129' title='bbox 565 3407 1015 3459; x_wconf 83' lang='lat' dir='ltr'>“Normanniam</span> <span class='ocrx_word' id='word_1_130' title='bbox 1048 3408 1113 3458; x_wconf 89' lang='lat' dir='ltr'>ad</span> <span class='ocrx_word' id='word_1_131' title='bbox 1149 3425 1307 3457; x_wconf 89' lang='lat' dir='ltr'>suum</span> <span class='ocrx_word' id='word_1_132' title='bbox 1342 3407 1582 3470; x_wconf 78' lang='lat' dir='ltr'>fratrem,</span> <span class='ocrx_word' id='word_1_133' title='bbox 1625 3408 1934 3459; x_wconf 83' lang='lat' dir='ltr'>Secundum</span> <span class='ocrx_word' id='word_1_134' title='bbox 1972 3409 2263 3460; x_wconf 84' lang='lat' dir='ltr'>Ricardum</span> 
     </span>
    </p>
   </div>
   <div class='ocr_carea' id='block_1_14' title="bbox 328 3532 2263 3696">
    <p class='ocr_par' dir='ltr' id='par_1_14' title="bbox 328 3532 2263 3696">
     <span class='ocr_line' id='line_1_27' title="bbox 407 3532 2263 3586; baseline -0.003 -9"><span class='ocrx_word' id='word_1_135' title='bbox 407 3537 432 3569; x_wconf 87' lang='lat' dir='ltr'><strong><em>s</em></strong></span> <span class='ocrx_word' id='word_1_136' title='bbox 457 3536 585 3577; x_wconf 67' lang='lat' dir='ltr'>With</span> <span class='ocrx_word' id='word_1_137' title='bbox 619 3535 693 3575; x_wconf 86' lang='lat' dir='ltr'>the</span> <span class='ocrx_word' id='word_1_138' title='bbox 726 3547 827 3586; x_wconf 83' lang='lat' dir='ltr'>year</span> <span class='ocrx_word' id='word_1_139' title='bbox 853 3532 934 3575; x_wconf 83' lang='lat'>957</span> <span class='ocrx_word' id='word_1_140' title='bbox 968 3533 1042 3574; x_wconf 80' lang='lat' dir='ltr'>the</span> <span class='ocrx_word' id='word_1_141' title='bbox 1073 3534 1389 3585; x_wconf 71' lang='lat' dir='ltr'>Reeapz&#39;tulatio</span> <span class='ocrx_word' id='word_1_142' title='bbox 1417 3533 1533 3582; x_wconf 78' lang='lat' dir='ltr'>ends,</span> <span class='ocrx_word' id='word_1_143' title='bbox 1562 3533 1645 3572; x_wconf 82' lang='lat' dir='ltr'>and</span> <span class='ocrx_word' id='word_1_144' title='bbox 1675 3546 1737 3574; x_wconf 84' lang='lat' dir='ltr'>we</span> <span class='ocrx_word' id='word_1_145' title='bbox 1764 3533 1862 3573; x_wconf 85' lang='lat' dir='ltr'>take</span> <span class='ocrx_word' id='word_1_146' title='bbox 1889 3546 1947 3584; x_wconf 85' lang='lat' dir='ltr'>up</span> <span class='ocrx_word' id='word_1_147' title='bbox 1977 3533 2050 3574; x_wconf 86' lang='lat' dir='ltr'>the</span> <span class='ocrx_word' id='word_1_148' title='bbox 2080 3533 2263 3585; x_wconf 85' lang='lat' dir='ltr'>History</span> 
     </span>
     <span class='ocr_line' id='line_1_28' title="bbox 328 3588 2261 3640; baseline -0.003 -7"><span class='ocrx_word' id='word_1_149' title='bbox 328 3593 468 3633; x_wconf 85' lang='lat' dir='ltr'>where</span> <span class='ocrx_word' id='word_1_150' title='bbox 500 3591 535 3631; x_wconf 87' lang='lat' dir='ltr'>it</span> <span class='ocrx_word' id='word_1_151' title='bbox 566 3590 701 3631; x_wconf 85' lang='lat' dir='ltr'>ended</span> <span class='ocrx_word' id='word_1_152' title='bbox 729 3590 775 3629; x_wconf 89' lang='lat' dir='ltr'>in</span> <span class='ocrx_word' id='word_1_153' title='bbox 804 3589 878 3629; x_wconf 89' lang='lat' dir='ltr'>the</span> <span class='ocrx_word' id='word_1_154' title='bbox 898 3589 991 3629; x_wconf 83' lang='lat' dir='ltr'>first</span> <span class='ocrx_word' id='word_1_155' title='bbox 1009 3591 1116 3640; x_wconf 83' lang='lat' dir='ltr'>part.</span> <span class='ocrx_word' id='word_1_156' title='bbox 1177 3589 1267 3628; x_wconf 73' lang='lat' dir='ltr'>The</span> <span class='ocrx_word' id='word_1_157' title='bbox 1298 3588 1454 3638; x_wconf 82' lang='lat' dir='ltr'>writer,</span> <span class='ocrx_word' id='word_1_158' title='bbox 1485 3589 1692 3638; x_wconf 81' lang='lat' dir='ltr'>however,</span> <span class='ocrx_word' id='word_1_159' title='bbox 1722 3589 1880 3640; x_wconf 86' lang='lat' dir='ltr'>merely</span> <span class='ocrx_word' id='word_1_160' title='bbox 1901 3588 2037 3639; x_wconf 83' lang='lat' dir='ltr'>copies</span> <span class='ocrx_word' id='word_1_161' title='bbox 2058 3588 2261 3628; x_wconf 85' lang='lat' dir='ltr'>Florence</span> 
     </span>
     <span class='ocr_line' id='line_1_29' title="bbox 328 3643 2261 3696; baseline -0.003 -9"><span class='ocrx_word' id='word_1_162' title='bbox 328 3648 394 3687; x_wconf 80' lang='lat' dir='ltr'>till</span> <span class='ocrx_word' id='word_1_163' title='bbox 415 3648 469 3687; x_wconf 92' lang='lat' dir='ltr'>he</span> <span class='ocrx_word' id='word_1_164' title='bbox 488 3647 658 3687; x_wconf 83' lang='lat' dir='ltr'>reaches</span> <span class='ocrx_word' id='word_1_165' title='bbox 677 3646 751 3685; x_wconf 83' lang='lat' dir='ltr'>the</span> <span class='ocrx_word' id='word_1_166' title='bbox 771 3657 872 3696; x_wconf 84' lang='lat' dir='ltr'>year</span> <span class='ocrx_word' id='word_1_167' title='bbox 891 3646 985 3685; x_wconf 87' lang='lat'>968.</span> <span class='ocrx_word' id='word_1_168' title='bbox 1046 3644 1136 3684; x_wconf 74' lang='lat' dir='ltr'>&#39;Phe</span> <span class='ocrx_word' id='word_1_169' title='bbox 1157 3644 1249 3683; x_wconf 87' lang='lat' dir='ltr'>rule</span> <span class='ocrx_word' id='word_1_170' title='bbox 1270 3644 1364 3683; x_wconf 84' lang='lat' dir='ltr'>that</span> <span class='ocrx_word' id='word_1_171' title='bbox 1384 3657 1466 3683; x_wconf 79' lang='lat' dir='ltr'>was</span> <span class='ocrx_word' id='word_1_172' title='bbox 1486 3643 1570 3683; x_wconf 77' lang='lat' dir='ltr'>laid</span> <span class='ocrx_word' id='word_1_173' title='bbox 1597 3645 1721 3683; x_wconf 82' lang='lat' dir='ltr'>down</span> <span class='ocrx_word' id='word_1_174' title='bbox 1748 3644 1791 3683; x_wconf 88' lang='lat' dir='ltr'>in</span> <span class='ocrx_word' id='word_1_175' title='bbox 1814 3644 1887 3683; x_wconf 83' lang='lat' dir='ltr'>the</span> <span class='ocrx_word' id='word_1_176' title='bbox 1907 3646 2007 3683; x_wconf 85' lang='lat' dir='ltr'>note</span> <span class='ocrx_word' id='word_1_177' title='bbox 2028 3646 2071 3682; x_wconf 90' lang='lat' dir='ltr'>to</span> <span class='ocrx_word' id='word_1_178' title='bbox 2091 3656 2130 3694; x_wconf 83' lang='lat' dir='ltr'>p.</span> <span class='ocrx_word' id='word_1_179' title='bbox 2153 3643 2204 3685; x_wconf 84' lang='grc'>67</span> <span class='ocrx_word' id='word_1_180' title='bbox 2228 3643 2261 3682; x_wconf 86' lang='grc'>18</span> 
     </span>
    </p>
   </div>
   <div class='ocr_carea' id='block_1_15' title="bbox 328 3702 692 3742">
    <p class='ocr_par' dir='ltr' id='par_1_15' title="bbox 328 3702 692 3742">
     <span class='ocr_line' id='line_1_30' title="bbox 328 3702 692 3742; baseline -0.003 0"><span class='ocrx_word' id='word_1_181' title='bbox 328 3703 413 3742; x_wconf 81' lang='lat' dir='ltr'>still</span> <span class='ocrx_word' id='word_1_182' title='bbox 433 3702 616 3742; x_wconf 75' lang='lat' dir='ltr'>adhered</span> <span class='ocrx_word' id='word_1_183' title='bbox 637 3704 692 3741; x_wconf 82' lang='lat' dir='ltr'>to.</span> 
     </span>
    </p>
   </div>
  </div>
 </body>
</html>
