2384 4126
711 402 837 435 VITA
875 402 914 434 8.
959 400 1302 434 MARGARETAE
1343 401 1577 433 REGINAE.
1992 386 2096 434 245

178 523 254 574 ita
279 525 550 576 destruere
578 532 736 593 atque
764 526 1059 577 annihilare
1087 526 1311 588 studuit,
1351 532 1412 576 ut
1447 526 1692 592 deinceps
1721 525 1811 592 qui
1838 525 1944 576 tale
1972 525 2099 591 quid

178 604 538 661 praesumeret,
580 616 737 648 nemo
777 599 834 648 in
874 605 989 649 tota
1035 599 1340 648 Scottorum
1378 605 1537 664 gente
1579 602 1870 664 appareret.
1950 596 2098 647 Sole-

180 666 310 717 bant
338 686 564 734 quoque,
592 670 837 736 neglecta
863 670 1271 720 Dominicorum
1299 669 1503 719 dierum
1530 668 1841 730 reverentia,
1873 668 1950 717 ita
1975 668 2099 730 illis,

179 737 318 789 sicut
345 748 397 789 et
425 740 539 790 aliis
565 741 769 802 diebus,
793 742 1088 807 quibusque
1114 741 1314 791 terreni
1339 740 1512 807 operis
1531 740 1777 791 insistere
1794 738 2066 790 laboribus
2083 759 2097 800 3

179 811 320 875 quod
346 829 455 861 non
479 812 656 874 licere,
696 813 903 863 ratione
938 813 1137 879 pariter
1163 818 1216 863 et
1251 812 1586 874 auctoritate,
1626 812 1740 878 ipsa
1766 810 2097 862 ostendebat.

182 882 638 945 “Dominicum,''
677 884 870 950 inquit,
913 888 945 910 “
964 884 1122 946 diem,
1162 890 1377 950 propter
1411 883 1751 934 Dominicam
1788 900 1905 949 (11136
1945 881 2003 931 111
2038 900 2100 932 60

182 956 216 979 “
236 953 378 1004 facta
413 961 493 1005 est
531 955 994 1016 resurrectionem,
1048 956 1105 1005 in
1147 955 1483 1006 veneratione
1518 955 1796 1016 habemus,
1847 960 1909 1004 ut
1943 953 2001 1002 in
2039 971 2100 1004 eo

181 1028 215 1051 “
237 1025 446 1076 servilia
472 1044 631 1093 opera
651 1028 765 1093 jam
792 1045 900 1077 non
927 1026 1203 1089 faciamus,
1224 1027 1283 1076 in
1310 1045 1414 1094 quo
1440 1045 1536 1077 nos
1566 1046 1595 1077 a
1622 1027 1877 1077 servitute
1905 1025 2103 1075 diaboli

181 1099 216 1122 “
237 1096 538 1165 redemptos
564 1099 825 1148 novimus.
905 1099 1025 1149 Hoc
1052 1104 1105 1149 et
1131 1098 1317 1149 beatus
1355 1117 1489 1165 papa
1516 1098 1807 1165 Gregorius
1836 1098 2103 1147 affirmans

182 1171 216 1194 “
236 1167 383 1231 dicit,
425 1170 831 1220 Dominicorum
858 1170 941 1220 die
969 1189 999 1220 a
1023 1170 1203 1221 labore
1238 1177 1451 1221 terreno
1479 1170 1792 1221 cessandum
1820 1175 1916 1231 est,
1946 1174 2105 1235 atque

181 1240 457 1291 “omnino
497 1242 826 1292 orationibus
868 1242 1223 1292 insistendum
1241 1263 1254 1304 3
1298 1248 1358 1291 ut
1397 1242 1440 1291 si
1472 1242 1600 1308 quid
1632 1241 1977 1307 negligentiae
2010 1257 2105 1306 per

182 1315 216 1337 “
239 1329 329 1361 sex
375 1312 485 1363 dies
532 1313 724 1380 agitur,
764 1331 857 1380 per
899 1313 1037 1364 diem
1080 1313 1480 1364 resurrectionis
1521 1313 1818 1364 Dominicae
1858 1312 2103 1379 precibus

181 1386 215 1409 “
238 1383 521 1449 expietur.d
594 1385 747 1435 Idem
789 1403 999 1452 quoque
1039 1391 1188 1451 pater
1229 1385 1541 1451 Gregorius,
1582 1385 1848 1451 quendam
1889 1389 2106 1451 propter

182 1458 369 1521 “opus
410 1461 699 1519 terrenum,
741 1457 883 1524 quod
926 1457 1011 1507 die
1054 1456 1338 1507 Dominico
1382 1457 1599 1518 fecerat,
1644 1456 1888 1506 districta
1930 1456 2104 1506 incre-

180 1530 214 1552 “
235 1527 449 1592 patione
476 1527 687 1589 feriens,
711 1546 817 1591 608,
847 1546 1072 1595 quorum
1098 1528 1200 1578 1100
1227 1528 1458 1578 0011811118
1487 1534 1685 1594 egerat,
1719 1527 1926 1578 duobus
1954 1545 2102 1577 men-

181 1598 380 1647 “sibus
421 1600 906 1650 excommunicatos
948 1618 1060 1650 esse
1100 1599 1389 1650 decrevit.”
1469 1600 1572 1649 His
1613 1599 1866 1666 sapientis
1908 1598 2105 1665 reginae

178 1669 475 1720 rationibus
521 1671 782 1721 contraire
822 1689 932 1721 non
966 1671 1220 1732 valentes,
1261 1671 1338 1720 ita
1375 1671 1715 1737 postmodum
1751 1670 2106 1720 reverentiam

179 1741 585 1792 Dominicorum
625 1743 833 1793 dierum
873 1743 986 1809 ejus
1022 1742 1281 1792 instantia
1315 1742 1681 1804 observarunt,
1722 1748 1783 1791 ut
1818 1759 1917 1791 nec
1943 1759 2106 1791 onera

180 1812 431 1879 quaelibet
457 1814 538 1864 his
578 1814 784 1880 [diebus
812 1814 1093 1882 quisquam
1129 1820 1358 1880 portare,
1398 1832 1497 1865 1160
1525 1814 1659 1864 alius
1689 1813 1877 1880 alium]
1914 1813 1979 1863 ad
2005 1812 2107 1863 hoc

182 1884 400 1935 auderet
428 1903 579 1952 comp
593 1886 791 1952 [ellere.

290 1955 340 2022 I]
352 1956 522 2007 llicita
564 1958 726 2008 etiam
770 1975 1118 2008 novercarum
1169 1957 1431 2024 conjugia,
1492 1957 1738 2007 similiter
1787 1963 1841 2007 et
1893 1974 2110 2007 uxorem

179 2027 361 2078 fratris
417 2028 656 2079 defuncti
715 2029 936 2080 fratrem
996 2029 1339 2095 superstitem
1390 2029 1599 2090 ducere,
1655 2047 1773 2095 quae
1823 2028 1900 2079 ibi
1951 2034 2110 2079 antea

180 2099 398 2161 fiebant,
452 2101 613 2151 nimis
649 2101 884 2152 ostendit
929 2101 1240 2163 execranda,
1296 2107 1350 2151 et
1392 2120 1421 2151 a
1458 2100 1702 2151 fidelibus
1744 2100 1892 2151 velut
1935 2100 2106 2166 ipsam

182 2178 409 2221 mortem
428 2172 724 2222 devitanda.
791 2173 973 2222 Multa
993 2190 1203 2239 quoque
1231 2172 1350 2234 alia,
1371 2190 1487 2239 (11136
1504 2178 1691 2222 contra
1717 2171 1840 2222 fidei
1866 2172 2107 2238 regulam

182 2248 236 2293 et
263 2243 742 2294 ecclesiasticarum
773 2244 1204 2295 observationum
1236 2243 1487 2294 instituta
1521 2244 1870 2305 inoleverant,
1911 2243 2026 2309 ipsa
2051 2243 2109 2293 in

182 2315 368 2365 eodem
410 2315 652 2365 Concilio
698 2315 968 2377 damnare,
1007 2322 1061 2365 et
1103 2315 1167 2365 de
1205 2315 1359 2381 regni
1394 2315 1476 2365 sui
1510 2315 1704 2365 finibus
1742 2314 1946 2364 curavit
1984 2332 2105 2380 pro-

180 2386 415 2437 turbare.
493 2387 757 2437 Universa
783 2387 926 2437 enim
953 2405 1071 2453 quae
1098 2392 1461 2453 proposuerat,
1488 2386 1564 2436 ita
1592 2392 1789 2436 sanctae
1818 2386 2107 2452 Scripturae

181 2458 521 2521 testimoniis,
578 2464 736 2525 atque
778 2465 1084 2509 sanctorum
1130 2459 1353 2508 Patrum
1404 2458 1763 2508 corroboravit
1806 2457 2106 2521 sententiis,

181 2536 243 2579 ut
290 2536 475 2580 contra
517 2530 632 2580 haec
673 2530 750 2579 nil
792 2530 1010 2580 omnino
1059 2529 1379 2596 respondere
1423 2530 1693 2592 valerent,
1752 2529 1881 2596 quin
1931 2529 2107 2595 potius

181 2601 423 2668 deposita
480 2602 787 2668 pertinacia,
851 2601 1046 2652 rationi
1106 2601 1519 2668 acquiescenteS,
1583 2601 1830 2652 universa
1880 2600 2130 2652 libenter>

181 2673 452 2740 implenda
479 2674 823 2741 susciperent.

1096 2910 1196 2960 IX.

187 3018 445 3075 Quantum
465 3018 842 3083 compunctioni
862 3023 912 3068 et
938 3018 1183 3079 orationi,
1209 3017 1427 3083 jejunioe
1448 3034 1645 3083 quoque
1665 3022 1714 3067 et
1734 3016 2105 3066 misericordioe

815 3090 994 3151 dedita
1020 3090 1191 3155 fuerit
1219 3089 1470 3154 operibus.

292 3201 644 3252 ‘Venerabilis
687 3201 868 3268 itaque
912 3202 1115 3269 regina,
1157 3219 1274 3268 (11136
1319 3201 1537 3251 domum
1578 3201 1698 3264 Dei,
1754 3202 1870 3252 Deo
1911 3219 1965 3252 se
2011 3201 2101 3251 ad-

178 3274 419 3340 juvante,
484 3272 724 3323 sordibus
778 3280 937 3339 atque
997 3273 1264 3324 erroribus
1328 3291 1555 3339 purgare
1607 3273 1901 3333 studuerat,
1967 3273 2101 3338 ipsa,

185 3344 390 3410 Spiritu
434 3345 631 3394 Sancto
671 3345 910 3411 cor-,ejus
930 3345 1249 3407 irradiante,
1288 3345 1503 3411 dignius
1535 3345 1600 3395 de
1637 3345 1722 3395 die
1749 3345 1805 3394 in
1832 3344 1971 3394 diem
2000 3344 2103 3394 Dei

184 3415 444 3482 templum
489 3415 602 3465 fieri
645 3416 871 3478 meruit3
920 3417 1062 3483 quod
1101 3434 1218 3467 eam
1260 3417 1515 3467 veraciter
1559 3434 1672 3467 esse
1717 3415 1914 3482 optime
1959 3415 2101 3476 novi,

184 3487 308 3553 quia
349 3493 402 3537 et
447 3486 707 3537 exteriora
752 3488 865 3554 ejus
910 3505 1069 3554 opera
1111 3488 1236 3550 vidi,
1277 3494 1330 3538 et
1372 3487 1769 3547 conscientiam,
1808 3486 1924 3552 ipsa
1967 3486 2103 3535 mihi

184 3558 580 3619 manifestante,
640 3558 879 3625 cognovi.
981 3559 1123 3609 Mihi
1179 3577 1411 3627 namque
1467 3557 1879 3609 familiarissime
1936 3557 2101 3624 loqui,

417 3690 435 3713 ‘¹
465 3690 488 3730 I
509 3692 665 3731 cannot·
685 3690 819 3743 verify
841 3691 914 3731 the
933 3691 1177 3732 references.
1539 3700 1553 3715 ⁴·
1582 3690 1622 3731 A
1643 3691 1716 3731 red
1733 3691 1869 3733 letter.
