2384 4126
809 383 997 417 SANCTI
1038 382 1367 417 CUTHBER'PI,
1935 368 2037 417 167

1028 531 1127 581 IV.

129 650 387 710 Quomodo
421 647 634 709 Scotici,
663 646 751 713 qui
782 651 977 697 terram
1006 645 1191 696 Sancti
1228 644 1497 695 Cuthbertz'
1532 649 1582 695 et
1606 642 2039 709 Lindisfarnense

212 720 580 773 monasterium
603 723 969 784 pervaserant,
997 717 1165 768 subito
1193 723 1344 767 terra>
1370 717 1519 767 hiatu
1547 716 1779 781 absorpti
1804 714 1963 766 suntj

234 855 506 921 Scriptum
531 859 629 915 est,
656 852 811 902 Ibunt
847 852 1032 902 Sancti
1067 851 1129 901 de
1161 851 1355 901 virtute
1381 850 1437 900 in
1462 850 1706 900 virtutem
1723 871 1739 908 ,·
1779 849 2041 900 videbitur

127 930 268 979 Deus
308 928 517 977 deorum
554 926 610 975 in-
651 922 833 991 Syonst
908 922 1067 974 Quod
1100 922 1223 989 quia
1249 921 1335 972 hic
1360 922 1477 973 Deo
1503 921 1729 972 dilectus
1757 920 2042 971 Confessor

125 1000 183 1050 in
225 999 323 1049 hac
368 997 541 1049 carnis
580 996 893 1047 infirmitate
936 1012 1187 1061 processu
1226 994 1423 1044 mentis
1466 993 1679 1044 sedulus
1726 992 1933 1059 agebat,
1975 992 2040 1042 ab

125 1072 220 1121 illa
254 1088 481 1138 superna
515 1087 620 1136 qua
656 1068 803 1118 Deus
838 1067 1059 1118 deorum
1094 1066 1304 1116 videtur
1339 1066 1554 1132 specula
1586 1065 1858 1115 miraculis
1895 1082 2041 1114 nunc

130 1142 453 1194 coruscando
498 1141 749 1192 declarat.
849 1139 991 1189 Nam
1036 1144 1296 1205 quantum
1342 1138 1406 1188 de
1446 1138 1642 1188 virtute
1686 1137 1744 1186 in
1787 1137 2042 1188 virtutem

129 1215 303 1266 eundo
328 1220 508 1265 mente
533 1219 664 1263 tunc
696 1210 1023 1278 proficiebat,
1062 1218 1244 1261 tamen
1271 1228 1492 1260 ascensu
1517 1209 1895 1259 miraculorum
1922 1226 2042 1275 pro-

131 1287 366 1338 cedendo
400 1284 655 1336 mirandis
688 1283 1008 1350 primoribus
1041 1282 1161 1349 plus
1186 1281 1430 1332 miranda
1453 1299 1598 1332 nunc
1625 1281 1840 1332 exhibet
1866 1287 2042 1347 poste-

129 1360 286 1410 riora.
363 1357 676 1408 Mirandum
702 1372 932 1422 namque
959 1360 1011 1405 et
1036 1354 1338 1405 timendum
1366 1361 1446 1404 est
1474 1353 1537 1404 de
1563 1353 1776 1403 barbari
1802 1370 2042 1419 peremp-

50 1437 53 1441 ’
131 1432 277 1481 tione
298 1429 439 1497 quod
463 1429 712 1489 diximUS,
742 1427 834 1478 sed
858 1426 1031 1476 multo
1057 1426 1175 1493 plus
1203 1425 1508 1476 mirandum
1536 1431 1694 1491 atque
1721 1424 2045 1491 stupendum

132 1503 196 1553 de
222 1501 499 1569 repentina
528 1501 835 1551 Scottorum
862 1498 1180 1549 dimersione
1207 1497 1348 1564 quod
1373 1497 1630 1548 dicemus.
1695 1497 2046 1563 Temporibus

132 1575 312 1641 itaque
339 1591 446 1624 non
470 1572 656 1622 multis
681 1577 863 1638 postea
887 1570 1189 1631 transactis,
1230 1587 1358 1635 gens
1387 1570 1713 1630 Scottorum,
1749 1568 2048 1619 coadunato

133 1644 513 1696 innumerabili
544 1643 795 1704 exercitu,
828 1641 1048 1691 fluvium
1075 1641 1278 1708 Tuyda,
1316 1640 1407 1707 qui
1438 1640 1702 1691 terminus
1731 1640 2047 1706 aquilonalis

133 1717 229 1768 estl
253 1725 409 1768 terrae
437 1717 620 1766 Sancti
647 1713 950 1775 Cuthberti,
978 1712 1387 1779 transgreditur,
1420 1712 1704 1778 omniaque
1730 1711 2047 1773 homicidiis,

132 1789 392 1840 incendiis
435 1794 594 1854 atque
633 1785 833 1853 rapinis
870 1784 1240 1851 depopulatur.
1319 1783 1450 1834 Non
1488 1784 1695 1850 gradui,
1734 1801 1844 1833 non
1883 1783 2048 1845 aetati,

134 1879 244 1911 non
285 1860 434 1911 sexui
474 1858 742 1926 parcebat,
786 1857 878 1908 sed
904 1856 1049 1907 velut
1078 1856 1303 1923 pecudes
1340 1856 1453 1922 pari
1481 1862 1701 1906 cunctos
1729 1862 1782 1906 et
1808 1855 2052 1905 inaudita

131 1933 446 1984 crudelitate
476 1929 862 1998 prosternebat.
939 1929 1028 1990 Et,
1060 1928 1175 1978 haec
1206 1946 1385 1994 agens,
1414 1927 1654 1977 nondum
1679 1945 1830 1977 suam
1857 1927 2052 1978 exsati-

135 2005 240 2056 avit
268 2004 658 2064 crudelitatem,
687 2001 817 2069 quin
850 2001 998 2051 inmo
1034 2000 1473 2051 Lindisfarnense
1505 1999 1908 2061 monasterium,
1930 1999 2051 2048 nul-

132 2078 307 2128 lorum
327 2074 738 2144 praesumptione
759 2079 916 2124 antea
930 2078 1268 2134 temeratum,
1287 2072 1451 2122 simili
1471 2071 1785 2122 crudelitate
1807 2071 2051 2139 pervasit.

138 2150 271 2200 Haec
296 2148 436 2199 tanti
455 2146 704 2198 facinoris
731 2144 888 2207 fama,
915 2150 1198 2212 postquam
1225 2144 1290 2194 ad
1315 2144 1461 2193 illius
1488 2143 1578 2210 qui
1603 2149 1734 2194 tunc
1760 2161 1849 2193 rex
1877 2143 2054 2194 extitit

137 2220 403 2271 Guthredi
425 2237 574 2270 aures
594 2217 852 2285 pervenit,
880 2223 1065 2267 contra
1091 2216 1212 2266 illos
1238 2233 1361 2266 cum
1390 2215 1676 2265 admodum
1703 2233 1863 2281 parva
1889 2233 2054 2264 manu

136 2292 437 2354 festinavit,
484 2309 592 2341 non
637 2289 780 2340 enim
827 2288 1140 2354 congregari
1184 2287 1477 2337 exercitum
1520 2286 1753 2337 brevitas
1797 2286 2054 2353 temporis

137 2363 498 2431 permittebat.
576 2360 824 2413 Occurrit
849 2360 1037 2426 utique
1063 2359 1169 2409 illis
1194 2359 1252 2408 in
1276 2359 1394 2409 loco
1422 2359 1514 2425 qui
1539 2358 1842 2425 Anglorum
1868 2358 2055 2424 lingua

138 2434 577 2501 Mundingedene
616 2450 783 2500 usque
825 2431 890 2482 ad
930 2449 1162 2498 praesens
1201 2436 1559 2497 nuncupatur.
1655 2430 1760 2481 Sed
1801 2430 2055 2496 quoniam

137 2506 499 2558 incumbentis
526 2505 762 2556 tenebrae
787 2503 959 2554 noctis
987 2502 1291 2564 obstabant,
1312 2508 1530 2553 venerat
1551 2502 1695 2552 enim
1719 2501 1849 2552 illuc
1869 2519 2051 2568 vespe-

138 2585 380 2630 rascente
401 2579 515 2646 jam
545 2577 660 2638 die,
700 2576 841 2626 bello
869 2593 957 2626 eos
985 2574 1203 2641 aggredi
1229 2574 1484 2625 continuo
1510 2591 1620 2624 non
1644 2573 1840 2640 potuit,
1867 2591 2053 2624 verum

138 2658 199 2702 ut
227 2668 436 2701 summo
462 2667 618 2700 mane
651 2648 940 2714 imparatos
976 2652 1261 2713 occuparet
1299 2646 1575 2713 disposuit.
1655 2646 1761 2696 Sed
1794 2664 1891 2696 nec
1926 2663 2051 2695 con-

139 2723 318 2774 silium
346 2723 459 2789 ejus
484 2721 625 2788 ipsos
652 2719 827 2782 latuit,
848 2719 1072 2786 ideoque
1099 2735 1306 2785 semper
1331 2717 1504 2784 parati
1530 2717 1834 2779 existentes,
1856 2717 2050 2784 ipsum,

139 2796 183 2846 si
209 2795 372 2845 etiam
398 2794 464 2844 ab
490 2793 565 2844 eis
590 2792 855 2843 declinare
881 2796 1211 2857 temptasset,
1252 2790 1376 2857 quia
1405 2808 1600 2857 paucos
1627 2807 1749 2839 eum
1777 2789 1970 2840 habere
1998 2808 2053 2840 se

139 2874 317 2918 autem
354 2865 611 2933 plurimos
646 2882 759 2915 esse
793 2862 1216 2924 considerabant,
1243 2862 1452 2929 insequi
1496 2861 1821 2928 cogitabant,
1913 2862 2053 2912 Cum

136 2957 259 2991 vero
285 2956 377 2989 rex
402 2943 616 2988 tantum
643 2935 1002 3002 conspexisset
1029 2934 1338 2996 exercitum,
1376 2940 1428 2985 et
1454 2951 1563 2983 non
1591 2934 1763 2984 solum
1788 2933 2050 2995 resistere,

139 3012 230 3062 sed
261 3011 423 3061 etiam
457 3008 667 3075 insequi
704 3013 948 3075 paratum
989 3006 1319 3068 attendisset,
1366 3005 1533 3056 nimio
1570 3005 1761 3056 timore
1799 3005 2051 3055 sollicita-

136 3083 295 3134 batur
322 3100 383 3133 eo
409 3081 550 3148 quod
574 3098 673 3130 nec
700 3079 765 3130 ad
791 3079 1141 3146 pugnandum
1160 3078 1297 3129 vires
1318 3077 1566 3140 habebat,
1594 3083 1647 3127 et
1675 3077 1740 3128 ab
1768 3077 1842 3127 eis
1867 3077 2053 3143 fugere

137 3156 308 3221 pudor
349 3160 402 3204 et
445 3153 593 3203 locus
635 3151 967 3218 prohibebat.
1056 3150 1273 3200 Talibus
1317 3167 1443 3216 ergo
1483 3149 1756 3215 tantisque
1807 3166 2055 3199 curarum

140 3226 356 3276 aestibus
383 3224 645 3275 variarum
672 3223 1002 3284 molestatus,
1030 3240 1137 3289 prae
1163 3221 1442 3272 nimietate
1470 3221 1840 3287 angustiarum
1868 3238 2055 3271 somno

139 3303 517 3364 praegravatur.
581 3297 653 3346 Et
680 3312 800 3346 ecce
820 3294 830 3344 l
865 3294 1110 3361 egregius
1133 3293 1337 3344 Christi
1359 3293 1511 3343 miles
1533 3293 1863 3343 Cuthbertus
1883 3292 2054 3342 mani-

217 3458 234 3492 J'
264 3457 366 3497 This
395 3456 565 3497 miraole
594 3455 630 3496 is
659 3455 859 3496 recorded
889 3457 933 3495 at
960 3454 1034 3495 the
1065 3454 1148 3494 end
1179 3453 1225 3493 of
1246 3454 1322 3494 the
1349 3453 1542 3493 Historia
1561 3453 1612 3493 de
1632 3452 1787 3492 Sancto
1807 3452 2057 3494 Cuthberto.

142 3514 326 3566 Symeon
357 3512 523 3552 adverts
550 3513 596 3550 to
621 3510 656 3550 it
675 3523 777 3562 very
795 3510 946 3562 briefiy
965 3512 1009 3548 at
1027 3509 1101 3549 the
1121 3509 1204 3549 end
1223 3509 1269 3548 of
1293 3509 1467 3559 chapter
1487 3508 1630 3548 xxviii.
1653 3508 1699 3547 of
1722 3508 1796 3547 the
1816 3507 1997 3558 History
2017 3507 2063 3546 of

139 3569 214 3609 the
245 3566 418 3608 Church
448 3566 494 3605 of
518 3565 727 3615 Durham,
756 3564 927 3617 adding,
957 3563 1189 3614 “Qualiter
1218 3567 1363 3603 autem
1392 3564 1559 3614 gestum
1590 3562 1644 3602 sit
1670 3562 1770 3602 alibi
1789 3564 1954 3602 constat
1972 3574 2060 3604 esse

141 3625 412 3717 somPquggjm
430 3674 593 3715 lxxxiii.
614 3677 652 3715 8.
1040 3672 1051 3696 ¹
1080 3670 1290 3712 Australis
1309 3673 1411 3713 erat.
1470 3670 1564 3711 MS·
1585 3669 1707 3711 Harl·
