2384 4126
358 384 429 434 32
971 400 1246 434 εΥΜΕοΝΙε
1287 399 1679 434 DUNELMENsls

357 524 563 576 tardius
591 525 735 588 oriri,
762 525 968 577 tardius
995 526 1253 589 occidere,
1284 526 1425 594 quod
1450 525 1620 593 pridie
1647 530 1764 575 orta
1791 529 1871 575 est
1891 524 1975 575 vel
2000 524 2282 587 occiderat,

359 597 524 648 solet:
565 597 644 648 ita
682 598 843 649 etiam
871 599 1034 649 maris
1068 605 1295 665 uterque
1334 604 1510 660 aestuS,
1548 597 1656 647 sive
1695 596 1918 646 diurnus
1957 596 2025 646 sit
2065 602 2118 647 et
2156 614 2281 647 noc-

357 674 567 732 turnus,
617 687 709 721 seu
747 670 1047 720 matutinus
1093 677 1147 720 et
1184 670 1533 737 vespertinus,
1578 668 1817 736 ejusdem
1854 685 1989 735 pene
2027 667 2283 734 temporis

358 740 639 792 intervallo
684 742 889 792 tardius
929 742 1165 809 quotidie
1204 742 1403 803 venire,
1449 740 1654 791 tardius
1697 739 1871 791 redire
1916 757 2022 789 non
2069 739 2280 790 desinit.

358 813 618 875 Punctus,
663 831 805 875 vero,
852 814 1041 881 quinta
1083 831 1205 881 pars
1250 820 1330 864 est
1374 813 1534 864 horae.
1621 812 1874 879 Quinque
1916 811 2057 861 enim
2098 811 2285 878 puncti

358 883 547 935 horam
584 885 805 935 faciunt.
883 886 967 936 De
995 885 1277 936 concordia
1302 884 1464 936 maris
1492 890 1545 936 et
1571 884 1713 935 lunae
1744 884 1819 934 sic
1847 883 2064 950 quidam
2091 882 2284 934 cecinit

346 956 557 1020 rhetor,
584 956 640 1007 id
668 963 765 1020 est,
793 957 1075 1008 Aldelmus
1100 957 1311 1024 praesul,

712 1072 737 1090 “
751 1068 794 1110 N
799 1083 883 1110 unc
903 1083 980 1121 ego
1000 1083 1100 1110 cum
1119 1070 1266 1122 pelago
1286 1070 1382 1109 fatis
1402 1069 1700 1110 communibus
1722 1069 1847 1116 insto,

746 1125 953 1176 Tempora
973 1125 1197 1175 reciprocis
1217 1125 1467 1165 convolvens
1487 1127 1705 1165 menstrua
1725 1124 1847 1164 caelis.

745 1180 810 1219 Ut
829 1180 935 1219 mihi
955 1179 1139 1219 lucifluae
1160 1180 1362 1219 decrescit
1382 1179 1515 1230 gloria
1535 1180 1693 1226 formae,

747 1234 816 1274 Sic
835 1237 1065 1286 augmenta
1083 1234 1218 1274 latex&
1236 1234 1453 1274 cumulato
1473 1234 1643 1286 gurgite
1662 1232 1862 1285 perdit.'’'¹

360 1332 533 1383 Farne
573 1336 753 1382 autem
790 1331 983 1393 insula,
1026 1349 1130 1398 qua
1166 1330 1508 1382 beatissimus
1547 1330 1879 1381 Cuthbertus
1916 1330 2285 1382 heremiticam

360 1403 514 1453 duxit
552 1403 736 1465 vitam,
779 1421 888 1453 non
932 1409 1085 1454 tanta
1127 1411 1206 1454 est
1246 1410 1307 1453 ut
1347 1403 1718 1466 Lindisfarne3
1762 1403 1854 1453 sed
1896 1409 1975 1453 est
2015 1403 2188 1470 posita
2227 1403 2285 1454 in

358 1493 524 1538 mare,
553 1475 762 1542 magnis
790 1475 1071 1526 exturbata
1097 1475 1347 1526 fluctibus
1375 1475 1563 1525 diebus
1590 1482 1643 1526 et
1670 1475 1932 1525 noctibus.

471 1547 576 1597 His
627 1547 858 1598 strictim
909 1547 1083 1609 dictis,
1143 1547 1210 1598 ad
1260 1547 1503 1598 ordinem
1562 1554 1894 1598 revertamur
1948 1546 2287 1599 narrationis.

359 1619 566 1670 Eodem
593 1637 719 1670 sane
748 1637 887 1670 anno
918 1619 1124 1685 Pagani
1158 1619 1223 1670 ab
1261 1619 1550 1687 aquilonali
1581 1619 1794 1670 climate
1828 1619 2005 1669 navali
2032 1619 2285 1683 exercitu,

358 1698 421 1742 ut
450 1691 678 1742 aculeati
705 1691 977 1754 crabones,
1001 1691 1339 1742 Britanniam
1360 1691 1652 1753 venientes,
1670 1691 1771 1742 hac
1790 1691 2018 1757 illacque
2045 1697 2105 1741 ut
2133 1691 2285 1741 diris-

362 1763 484 1813 simi
508 1763 621 1830 lupi
649 1763 1026 1825 discurrentes,
1065 1763 1383 1830 praedantes,
1419 1763 1743 1825 mordentes,
1771 1763 2153 1814 interficientes
2179 1780 2290 1813 non

361 1835 533 1886 solum.
554 1835 819 1903 jumenta,
847 1853 969 1886 oves
997 1841 1050 1886 et
1075 1835 1253 1898 boves,
1289 1853 1474 1886 verum
1508 1835 1670 1886 etiam
1698 1834 2015 1897 sacerdoteS,
2044 1835 2285 1885 Levitas-

361 1925 480 1974 que,
512 1907 806 1974 chorosque
833 1907 1217 1958 monachorum
1245 1913 1403 1974 atque
1431 1906 1935 1969 sanctimonialium,
1960 1906 2198 1970 veniunt,
2227 1913 2288 1957 ut

359 1979 569 2046 praefati
605 1998 805 2042 sumus,
844 1979 911 2030 ad
945 1979 1440 2030 Lindisfarnensem
1478 1979 1754 2030 ecclesiam
1772 2000 1786 2040 3
1828 1978 2119 2029 miserabili
2154 1997 2287 2045 prae-

362 2051 577 2101 datione
603 2057 816 2102 vastant
849 2057 1059 2114 cuncta,
1098 2051 1305 2101 calcant
1341 2057 1526 2101 sancta
1556 2050 1775 2117 pollutis
1802 2050 2057 2116 vestigiis,
2100 2051 2289 2101 altaria

363 2122 673 2185 suffodiunt,
697 2129 750 2174 et
777 2123 958 2174 omnia
983 2123 1316 2174 thesauraria
1336 2129 1533 2174 sanctae
1559 2123 1792 2173 ecclesiae
1811 2122 2044 2189 rapiunt.
2112 2123 2286 2174 Quos-

363 2195 487 2245 dam
513 2212 541 2245 e
567 2195 822 2246 fratribus
848 2195 1196 2258 interficiunt,
1236 2195 1524 2245 nonnullos
1551 2212 1731 2245 secum
1757 2194 1963 2244 vinctos
1991 2201 2287 2257 assumunt,

361 2266 714 2334 perplurimos
740 2266 1037 2334 opprobriis
1058 2273 1275 2317 vexatos
1301 2266 1473 2318 nudos
1500 2265 1807 2334 projiciunt,
1830 2265 2034 2333 aliquos
2060 2265 2117 2316 in
2142 2284 2289 2317 mare

363 2339 699 2406 demergunt.
777 2340 919 2406 Apte
948 2339 1013 2390 de
1039 2339 1146 2389 illis
1173 2339 1370 2389 dicitur
1397 2338 1539 2406 quod
1565 2336 1837 2406 sequitur.¹'

879 2452 906 2474 ‘⁶
919 2450 1112 2491 Fortuna
1131 2450 1242 2491 vices
1261 2451 1418 2502 premit
1437 2450 1638 2497 insontes,

916 2506 1072 2547 Debita
1091 2506 1236 2547 sceleri
1257 2506 1382 2547 noxia
1400 2519 1537 2557 poena.

917 2561 978 2601 At
998 2561 1184 2613 perversi
1203 2562 1390 2602 resident
1410 2561 1519 2602 celso

919 2616 1063 2657 Mores
1084 2616 1200 2666 solio,
1220 2620 1448 2668 sanctaque
1468 2616 1630 2657 calcant

919 2670 987 2722 Inj
996 2673 1089 2711 usta
1108 2671 1197 2711 vice
1218 2671 1323 2712 colla
1342 2675 1553 2712 nocentes.

918 2725 1046 2765 Latet
1065 2726 1252 2766 obscuris
1273 2727 1442 2766 condita
1462 2726 1599 2766 virtus

918 2780 1041 2820 Clara
1059 2781 1260 2827 tenebris,
1276 2779 1504 2832 justusque
1524 2781 1626 2821 tulit

918 2835 1092 2876 Crimen
1113 2835 1308 2887 iniquif'ae¹

364 2933 484 2985 Illis
523 2950 646 2984 vero
685 2931 1076 2995 recedentibus,
1118 2937 1170 2983 et
1216 2931 1281 2983 de
1314 2931 1494 2999 praeda
1528 2932 1612 2983 vel
1651 2931 1828 2983 malisk
1868 2933 2074 2984 actibus
2110 2940 2289 3002 gratu-

362 3006 617 3068 lantibus,
660 3004 786 3071 quid
826 3004 901 3055 eis
938 3003 1155 3054 fortuna
1196 3004 1467 3072 sequentis
1511 3004 1638 3055 anni
1678 3004 1890 3056 advexit
1925 3006 2080 3057 stilus
2120 3008 2293 3058 fidelis

367 3076 773 3129 demonstrabit.

1204 3185 1450 3221 DCCXCIV.

472 3264 634 3313 Anno
673 3261 914 3313 nce.xciv
951 3262 1193 3329 praedicti
1228 3263 1434 3330 Pagani
1471 3269 1687 3331 portum
1722 3264 1962 3331 Ecgfridi
1998 3265 2139 3332 regis
2174 3284 2289 3315 vas-

444 3426 468 3451 8
496 3420 521 3458 i.
539 3432 586 3464 e.‚
607 3418 791 3457 “mare”
813 3417 1055 3458 interlined.

449 3471 466 3496 ἰ
497 3473 632 3513 These
651 3473 757 3512 lines
778 3485 903 3512 occur
923 3472 968 3512 in
988 3473 1062 3513 the
1082 3472 1211 3513 Liber
1230 3473 1523 3525 AEnigmatum
1545 3474 1591 3514 of
1616 3474 1676 3515 St.
1698 3474 1914 3521 Aldhelm,
1937 3475 2020 3515 and
2040 3488 2110 3515 are
2130 3476 2232 3516 used
2252 3475 2298 3515 of

365 3529 439 3570 the
459 3541 601 3568 moon.
667 3529 788 3567 Oaelis
808 3528 943 3579 ought
963 3529 1007 3567 to
1027 3528 1078 3567 be
1104 3530 1249 3580 Cyclis.
1315 3531 1453 3580 Opera
1476 3531 1518 3569 S.
1540 3531 1764 3576 Aldkelmi,
1785 3532 1848 3569 ed.
1875 3532 2006 3578 Giles,
2029 3533 2124 3571 250.

451 3583 460 3607 ¹'
497 3585 572 3623 Vel
591 3584 735 3635 quibus
754 3586 863 3622 recte
882 3584 992 3622 illud
1012 3584 1157 3633 aptari
1170 3587 1324 3635 potest,
1344 3584 1390 3622 in
1410 3584 1485 3624 the
1505 3584 1686 3635 margin.

443 3638 461 3671 j
490 3638 698 3679 Boethius
725 3637 775 3678 de
802 3637 968 3678 Consol.
997 3637 1261 3690 Philosoph.,
1288 3638 1335 3687 i.,
1359 3641 1537 3680 29—36.
1598 3639 1688 3679 The
1708 3638 1801 3679 MS.
1822 3639 1896 3679 has
1916 3654 2026 3679 more
2045 3639 2128 3680 and
2137 3642 2291 3693 justos.

367 3693 574 3746 Twysden
594 3693 855 3744 disarranges
875 3693 949 3732 the
968 3693 1086 3732 lines.
1503 3692 1521 3717 k
1552 3698 1577 3716 ⁴⁴
1590 3695 1776 3733 Pravis''
1797 3693 2039 3735 interlined.
