2384 4126
391 362 494 413 182
970 377 1226 411 HISTORIA
1268 375 1724 410 TRANSLATIONUM

388 505 618 557 invisere
643 504 925 573 potuisset,
967 504 1109 555 fama
1142 522 1373 572 namque
1403 503 1714 570 divulgante
1750 505 2081 569 compererat
2114 497 2316 549 ibidem

390 577 576 629 crebro
616 578 876 629 miracula
918 577 1051 639 fieri,
1099 576 1284 628 crebro
1329 593 1648 644 quocunque
1691 573 2032 625 incommodo
2072 571 2315 623 detentos

390 651 627 701 curando
671 650 911 702 relevari.
1004 650 1215 717 Itaque,
1256 649 1474 700 tametsi
1513 648 1675 715 longa
1707 646 1954 698 molestia
1996 644 2314 705 tabefactUS,

387 722 539 790 longi
587 722 825 773 laborem
875 722 1082 772 itineris
1135 721 1463 788 aggreditur,
1514 719 1936 787 perveniensque
1980 716 2315 768 Dunelmum

390 813 495 862 quo
522 795 702 846 decuit
726 794 929 845 honore
950 794 1251 860 suscipitur.
1316 793 1404 844 Ibi
1430 810 1641 860 quoque
1662 792 1820 843 solito
1839 791 2087 842 laborans
2109 789 2313 839 incom-

388 866 566 929 modo,
607 866 840 918 febrium
874 866 1179 917 valetudine
1220 864 1550 932 aliquamdiu
1594 864 1917 926 concutitur,
1964 862 2056 913 sed
2099 866 2317 928 repente

388 939 595 990 meritis
627 939 814 990 Sancti
840 938 1126 989 Cuthberti
1153 938 1218 988 ad
1243 938 1516 1004 integrum
1545 936 1707 987 saluti
1732 936 1990 987 redditur.
2066 932 2316 999 Denique

390 1017 516 1062 ante
558 1011 862 1078 sepulcrum
903 1011 1017 1078 ejus
1059 1010 1188 1060 dum
1228 1009 1454 1077 pervigil
1493 1010 1552 1059 in
1591 1008 1836 1076 precibus
1881 1012 2095 1058 noctem
2139 1010 2314 1055 trans-

389 1083 605 1150 sigeret,
634 1083 784 1149 quasi
808 1082 1095 1149 praesentia
1123 1081 1309 1132 Sancti
1335 1081 1570 1147 corporis
1597 1080 1866 1143 exterrita,
1892 1078 2055 1146 pestis
2084 1076 2312 1144 aufugit,

387 1172 488 1206 nec
526 1155 671 1205 ultra
713 1154 987 1205 hominem
1029 1160 1251 1221 tangere
1297 1153 1633 1220 aliquatenus
1672 1151 2031 1219 praesumpsit.
2109 1149 2212 1201 Cui
2237 1148 2315 1199 rei

387 1233 471 1277 tot
496 1232 661 1278 testes
689 1244 804 1278 esse
829 1226 1121 1289 noscimur,
1162 1231 1293 1293 quot
1326 1225 1431 1293 ipsi
1455 1224 1688 1293 pretioso
1716 1223 2049 1275 Confessoris
2086 1220 2312 1288 corpori,

386 1299 514 1350 licet
545 1299 773 1366 indigni,
811 1298 1137 1350 deservimus
1155 1320 1169 1361 3
1212 1297 1305 1365 qui
1343 1304 1414 1361 et,
1455 1303 1641 1348 orante
1678 1296 1744 1348 ad
1773 1295 2019 1347 tumbam
2052 1294 2198 1345 illius
2229 1293 2312 1343 in-

386 1372 560 1435 firm0,
581 1371 880 1422 Nocturnae
908 1370 1108 1422 Laudis
1137 1370 1310 1421 officia
1334 1370 1705 1437 persolvimUS,
1729 1374 1800 1432 et,
1821 1374 1960 1436 post,
1983 1385 2107 1418 cum
2127 1366 2315 1417 eodem

383 1443 528 1494 illius
570 1444 791 1495 sanitati
831 1443 1246 1510 congaudentes,
1288 1443 1405 1494 Deo
1441 1443 1640 1510 gratias
1681 1442 1739 1492 in
1781 1442 1978 1492 Sancto
2014 1438 2315 1490 Cuthberto

384 1515 803 1567 decantavimus.
895 1515 1085 1567 Paucis
1125 1521 1246 1583 post
1286 1515 1473 1566 diebus
1514 1532 1792 1566 resumens
1836 1514 1957 1577 iter,
2000 1529 2140 1574 suos,
2181 1528 2313 1578 quos

382 1588 628 1639 infirmus
667 1588 903 1656 reliquit,
943 1589 1000 1639 in
1035 1606 1145 1640 suae
1182 1587 1427 1639 sanitatis
1455 1587 1777 1639 miraculum
1803 1591 2079 1654 stupentes
2107 1589 2161 1636 et
2188 1601 2313 1635 con-

383 1661 715 1728 gratulantes
742 1661 935 1713 reddit.

1269 1783 1425 1834 XIV.

388 1890 648 1949 Quomodo
676 1889 887 1958 quidam
909 1890 998 1956 qui
1025 1889 1260 1941 asinario
1281 1889 1508 1941 eccle-eice
1537 1889 1721 1941 Sancti
1752 1889 2023 1941 Cutkbertz'
2051 1888 2311 1955 cin-qulam

891 1963 1085 2013 tulerat
1110 1967 1320 2028 repente
1347 1963 1520 2013 oculos
1547 1962 1788 2014 doluerit.

488 2091 657 2142 Aliud
696 2107 908 2158 quoque
948 2090 1042 2142 sed
1081 2108 1192 2142 non
1237 2090 1341 2142 alio
1376 2096 1632 2159 tempore,
1678 2091 1736 2141 in
1776 2090 1945 2158 ipsius
1984 2089 2311 2141 admirandae

380 2163 683 2214 sanctitatis
704 2163 1050 2231 praeconium,
1073 2163 1253 2214 subito
1275 2163 1469 2215 accidit
1489 2164 1825 2214 miraculum.
1891 2163 2034 2214 Puer
2054 2162 2308 2224 ecclesiae,

377 2235 470 2304 qui
521 2236 685 2287 asinis
738 2236 1039 2287 custodiam
1089 2236 1393 2299 adhibebat,
1458 2236 1797 2303 profuturam
1847 2235 2043 2303 pabulo
2092 2234 2309 2285 illorum

376 2308 599 2359 herbam
645 2308 970 2360 desecuerat.
1050 2308 1174 2360 Quo
1213 2308 1395 2360 labore
1435 2315 1489 2360 et
1529 2315 1665 2360 aestu
1701 2309 1959 2376 fatigatus
1992 2307 2307 2371 meridiano,

377 2381 631 2432 mollibus
652 2380 710 2431 in
734 2381 902 2448 pratis
925 2398 986 2432 ac
1007 2399 1166 2433 suave
1187 2381 1457 2433 olentibus
1477 2382 1535 2432 in
1552 2400 1801 2432 somnum
1828 2381 1985 2432 citius
2005 2380 2305 2431 resolvitur.

379 2454 597 2505 Interea
635 2459 920 2504 extraneus
958 2453 1194 2520 quidam,
1231 2454 1322 2521 qui
1363 2472 1487 2505 cum
1522 2454 1638 2505 aliis
1676 2454 1850 2505 socius
1890 2452 2065 2521 operis
2106 2452 2306 2514 aderat,

379 2526 596 2577 admota
631 2525 829 2577 leniter
862 2543 1044 2589 manu,
1084 2526 1373 2577 dormienti
1409 2526 1686 2594 cingulum
1718 2526 1894 2588 solvit,
1934 2542 2100 2593 eoque
2128 2524 2307 2575 ablato

378 2598 523 2666 quod
565 2604 796 2666 ceperat,
836 2598 1003 2649 libere
1042 2617 1174 2666 opus
1212 2599 1423 2666 repetit.
1514 2600 1633 2651 Nec
1669 2599 1813 2650 enim
1854 2598 2042 2650 sceleri
2080 2596 2304 2664 impedi-

377 2676 562 2721 mento
614 2688 728 2721 esse
778 2676 1006 2737 poterat,
1060 2689 1220 2738 quem
1271 2689 1429 2739 sopor
1474 2672 1648 2738 gravis
1695 2671 1938 2722 sensibus
1992 2669 2302 2721 abduxerat.

377 2742 654 2808 Evigilans
682 2743 903 2793 tandem
927 2761 1042 2793 rem
1069 2761 1229 2811 quam
1255 2761 1366 2794 non
1390 2744 1540 2811 parvi
1564 2743 1848 2811 pendebat,
1870 2743 2023 2810 quasi
2047 2760 2306 2808 magnum

378 2814 509 2881 quid
534 2814 826 2881 perdidisse
854 2833 909 2866 se
934 2815 1183 2865 indoluit.
1263 2815 1375 2867 Ubi
1416 2816 1831 2883 circumquaque
1864 2815 2140 2883 requirens
2175 2832 2303 2864 nus-

379 2904 541 2953 quam
581 2886 876 2949 invenerat,
920 2905 1045 2938 mox
1080 2887 1212 2937 furti
1237 2887 1468 2955 suspicio
1496 2889 1737 2939 animum
1765 2888 1950 2955 agitat.
2026 2887 2306 2937 Postremo

379 2958 585 3009 crimen
619 2958 835 3025 quidem
872 2976 984 3009 non
1022 2959 1324 3026 suspicione
1360 2961 1453 3011 sed
1487 2966 1633 3011 certo
1663 2960 1721 3010 in
1757 2978 1811 3010 se
1837 2960 2043 3010 factum
2070 2958 2305 3025 agnovit,

379 3031 474 3081 sed
515 3029 602 3084 cui
640 3049 705 3081 ex
745 3030 988 3097 pluribus
1029 3031 1086 3082 id
1125 3031 1425 3098 imponeret
1465 3032 1732 3083 incertum
1775 3031 1982 3083 habuit.
2089 3031 2307 3081 Interea

378 3103 510 3153 dum
537 3102 800 3153 sollicitus
828 3102 894 3153 ab
919 3103 1181 3154 universis
1217 3104 1512 3172 requireret
1551 3104 1846 3171 cingulum,
1887 3102 2054 3170 signis
2093 3103 2304 3153 eviden-

378 3174 525 3225 tibus
568 3174 760 3241 accipit
799 3174 933 3224 furis
974 3174 1253 3226 indicium.
1333 3176 1511 3231 Quem
1552 3176 1863 3243 suppliciter
1902 3183 1964 3227 ut
2006 3193 2164 3225 suum
2205 3174 2308 3225 sibi

378 3246 568 3298 reddat
588 3246 806 3314 expetit,
830 3247 940 3308 sed,
963 3252 1323 3314 contemptus,
1344 3248 1424 3298 nil
1445 3257 1635 3315 praeter
1649 3247 1934 3299 verborum
1955 3247 2309 3299 contumelias

379 3318 587 3386 recipit.
663 3319 781 3370 Nec
813 3319 889 3369 sic
923 3318 1140 3386 quidem
1175 3319 1266 3370 ille
1302 3338 1333 3370 a
1366 3338 1521 3387 prece
1562 3320 1826 3372 desistens
1841 3342 1857 3384 3
1900 3325 1934 3348 “
1954 3319 2305 3386 Quandoqui-

356 3397 358 3399 ’
380 3396 415 3420 “
435 3390 615 3454 dem,”
646 3390 842 3458 inquit,
882 3395 917 3418 “
934 3408 1032 3442 nec
1057 3391 1423 3443 misericordia
1447 3410 1548 3444 nec
1569 3392 1786 3461 justitia
1810 3399 1863 3444 te
1890 3398 2087 3455 movet,
2129 3408 2306 3459 quaeso

380 3463 521 3515 “vel
566 3464 752 3514 Sancti
798 3462 1086 3517 Cuthberti
1125 3464 1425 3515 reverentia
1467 3465 1603 3516 mihi
1642 3483 1824 3516 meum
1868 3483 1899 3516 a
1938 3470 1992 3516 te
2035 3464 2303 3531 impetret.

381 3537 542 3587 “Per
580 3535 759 3603 ipsum
802 3553 870 3586 ne
914 3535 1048 3585 mihi
1091 3536 1334 3603 rapinam
1378 3537 1543 3588 facias
1590 3537 1826 3600 obsecrO,
1870 3537 2023 3605 cujus
2069 3535 2307 3587 ecclesiae

381 3612 417 3638 “
438 3607 667 3659 servitiis
695 3607 935 3675 quotidie
962 3607 1206 3659 debitum
1232 3608 1337 3660 mei
1362 3609 1563 3660 laboris
1588 3609 1897 3678 impendo.’'
1974 3609 2051 3660 At
2076 3608 2185 3670 ille,
2216 3606 2307 3674 qui

380 3680 616 3738 multum
641 3697 804 3754 parvo
829 3680 980 3737 lucro
1008 3679 1250 3753 deliquit,
1295 3699 1356 3733 ex
1387 3688 1701 3750 contemptu
1745 3680 2115 3749 pretiosissimi
2162 3680 2303 3730 Con-
