2384 4126
917 406 1105 441 SANCTI
1145 406 1473 440 cU'rHBERTI.
2052 395 2155 444 197

246 535 502 581 trectasse
527 530 776 582 omnibus
796 531 887 599 qui
914 531 1238 583 advenerant
1263 531 1474 599 populis
1501 530 1824 597 pandebant.
1900 532 2057 582 Nova
2075 533 2156 583 illi

248 601 574 652 exultatione
610 602 676 652 ad
712 603 942 669 agendas
970 604 1085 654 Deo
1117 603 1315 670 gratias
1353 603 1718 654 accenduntur
1745 602 1835 669 qui
1863 621 1971 653 suae
1999 603 2154 654 devo-

249 672 453 723 tionem
493 674 690 724 mentis
730 674 981 741 dignatus
1020 681 1100 726 est
1138 693 1480 726 remunerare
1517 681 1670 725 tanta
1710 674 1894 741 gratiae
1934 675 2156 725 caelestis

249 745 696 796 manifestatione.
775 746 808 796 J
814 765 899 796 am
938 746 1049 797 dies
1089 746 1146 796 in
1193 747 1362 797 altum
1401 753 1729 813 processerat
1769 752 1821 797 et
1860 746 2157 813 episcopus,

252 816 422 866 multa
447 835 564 883 quae
589 817 864 884 praesentis
892 818 1094 884 negotii
1114 836 1223 868 non
1248 818 1608 885 postulaverat
1635 835 1796 868 causa
1814 817 2157 880 interserens,

249 888 505 953 longioris
530 889 728 939 multos
758 890 1015 940 sermonis
1042 889 1241 940 fecerat
1266 890 1478 943 taedere.
1558 889 1664 940 Sed
1691 907 1813 940 cum
1839 895 1992 939 tanta
2020 895 2158 940 esset

251 959 366 1009 caeli
385 960 641 1010 serenitas
664 967 722 1011 ut
742 961 951 1011 nullum
972 968 1209 1012 venturae
1229 961 1402 1028 puviae
1419 961 1633 1028 signum
1649 960 1705 1010 in
1728 965 1845 1011 aere
1864 967 2157 1027 appareret,

249 1037 401 1081 tanta
428 1038 705 1098 coeperunt
738 1032 1090 1084 inundatione
1127 1033 1305 1083 subito
1331 1033 1528 1083 imbres
1565 1050 1737 1095 ruere,
1777 1038 1838 1082 ut
1877 1032 2160 1083 confestim

250 1101 549 1169 interrupto
577 1122 819 1155 sermone
845 1104 1080 1155 loculum
1117 1104 1290 1155 sancti
1324 1105 1559 1171 corporis
1589 1104 1779 1155 fratres
1816 1105 2161 1171 corriperent,

252 1180 306 1224 et
332 1174 566 1225 ecclesiae
594 1176 798 1226 concite
824 1176 1020 1227 inferre
1047 1177 1379 1227 festinarent.
1460 1177 1582 1228 Quo
1620 1176 1790 1238 illato,
1830 1176 2009 1242 pluvia
2035 1194 2159 1226 con-

251 1244 405 1296 tinuo
445 1247 684 1309 cessavit,
725 1253 786 1297 ut
812 1248 938 1298 hinc
964 1248 1219 1298 nimirum
1245 1248 1461 1298 daretur
1485 1248 1734 1314 intelligi,
1770 1248 1888 1298 Deo
1913 1265 2024 1298 non
2051 1265 2163 1298 esse

251 1317 509 1383 placitum
559 1318 747 1368 famuli
793 1320 876 1369 sui
927 1337 1135 1369 sacrum
1190 1337 1380 1386 corpus
1434 1319 1709 1386 aliquanto
1759 1319 1962 1369 diutius
2014 1326 2163 1369 extra

253 1395 437 1439 sancta
476 1389 593 1440 loca
634 1390 877 1441 detineri.
958 1391 1063 1441 Sed
1099 1397 1152 1442 et
1186 1391 1287 1442 hoc
1320 1391 1630 1441 nullatenus
1667 1390 1880 1441 silentio
1914 1397 2163 1457 praetere-

249 1460 455 1510 undum
483 1461 707 1524 videtur,
736 1462 876 1529 quod
905 1480 1027 1513 cum
1052 1469 1205 1513 tanta
1231 1469 1368 1513 esset
1395 1462 1583 1513 effusio
1615 1462 1806 1529 pluviae
1831 1462 2165 1525 inundantis,

250 1549 361 1581 non
405 1538 585 1583 tamen
629 1534 713 1584 vel
752 1541 1066 1584 ornamenta
1108 1535 1357 1596 ecclesiae,
1401 1552 1518 1600 quae
1558 1540 1689 1584 tunc
1731 1534 1910 1584 omnia
1949 1534 2163 1584 fuerant

249 1604 505 1669 exposita,
531 1605 615 1655 vel
639 1611 809 1656 vestes
845 1606 1221 1672 quorumlibet,
1263 1606 1354 1673 qui
1388 1612 1519 1656 tunc
1554 1605 1749 1656 cultius
1789 1605 2164 1671 procedebant,

249 1675 416 1725 ullam
456 1694 518 1726 ex
555 1676 733 1742 pluvia
762 1677 844 1727 vel
878 1677 1080 1728 decoris
1107 1677 1191 1727 sui
1217 1678 1299 1727 vel
1325 1695 1452 1727 usus
1481 1676 1846 1727 contraxerint
1871 1677 2161 1727 laesionem.

249 1746 521 1797 Collocato
548 1765 674 1813 ergo
702 1748 792 1798 ubi
818 1748 1068 1799 decenter
1094 1754 1340 1815 paratum
1364 1748 1539 1798 fuerat
1567 1765 1784 1815 corpore
1810 1748 1954 1798 beati
1980 1748 2160 1814 ponti-

248 1817 379 1879 ficis,
400 1818 694 1870 resultante
713 1820 960 1870 laudibus
983 1820 1086 1870 Dei
1113 1820 1347 1882 ecclesia,
1371 1819 1642 1870 sollemnis
1662 1819 1960 1870 celebratur
1986 1820 2163 1883 missa,

248 1890 581 1957 peractisque
607 1891 663 1940 in
692 1891 921 1942 salutem
947 1891 1183 1942 fidelium
1217 1891 1591 1942 sacro-sanctis
1619 1891 1905 1959 mysteriis,
1940 1892 2012 1941 ad
2034 1909 2164 1957 pro-

236 1961 365 2026 pria
400 1968 696 2013 remearunt
733 1980 847 2014 cum
879 1964 1095 2030 qaudiO,
1130 1964 1491 2030 glorificantes
1528 1969 1576 2014 et
1614 1963 1889 2013 laudantes
1915 1964 2083 2013 Deum
2110 1965 2166 2014 in

248 2033 480 2083 omnibus
507 2051 616 2100 quoe
642 2035 885 2086 viderant
916 2041 965 2086 et
1001 2036 1322 2087 audierant.²⁷
1398 2036 1562 2085 Facta
1597 2041 1676 2085 est
1714 2035 1828 2085 haec
1866 2034 2168 2101 incorrupti

249 2104 480 2171 corporis
500 2106 864 2157 manifestatio
886 2106 994 2157 sive
1014 2107 1315 2157 Translatio
1342 2113 1463 2173 post
1485 2124 1652 2156 annos
1679 2105 2025 2173 depositionis
2052 2107 2167 2172 ejus

248 2176 667 2242 quadringentos
693 2178 875 2228 decem
910 2184 963 2229 et
998 2185 1135 2240 octo,
1170 2185 1223 2229 et
1262 2178 1495 2245 quinque
1521 2195 1747 2239 menses,
1789 2183 1841 2227 et
1881 2177 2164 2227 duodecim

247 2247 391 2297 dies:
425 2248 525 2298 hoc
552 2254 632 2298 est
659 2267 799 2299 anno
827 2250 891 2300 ab
917 2249 1283 2300 incarnatione
1307 2249 1529 2299 Domini
1555 2249 1841 2299 millesimo
1870 2248 2165 2299 centesimo

248 2325 455 2384 quarto,
493 2320 584 2386 qui
619 2326 699 2370 est
735 2321 954 2387 quintus
990 2339 1161 2370 annus
1196 2321 1349 2387 regni
1377 2320 1604 2370 Henrici
1621 2341 1634 2381 3
1678 2320 2016 2386 episcopatus
2042 2337 2166 2370 vcro

250 2390 506 2440 Rannulfi
551 2397 749 2441 sextus.
826 2392 912 2442 Ab
957 2391 1162 2458 origine
1203 2409 1326 2443 vero
1371 2391 1561 2442 mundi
1604 2391 1818 2441 fuerant
1862 2397 1993 2441 tunc
2039 2391 2166 2441 anni

248 2462 506 2512 transacti
533 2480 625 2513 sex
649 2462 820 2514 millia
846 2463 1073 2514 trecenti
1100 2470 1225 2514 treS.

1137 2690 1294 2740 XIX.

255 2793 533 2863 Quon'zodo,
561 2802 671 2867 ipso
694 2803 776 2852 die
808 2802 1192 2853 Translatz'om's
1219 2804 1346 2868 ejus,
1370 2807 1515 2852 tactu
1543 2801 1698 2851 loculi
1727 2800 1961 2865 corporis
1987 2799 2169 2864 ipsius,

337 2874 496 2924 abbas
522 2874 734 2924 devotus
760 2875 822 2924 ab
848 2874 1154 2940 infirmitate
1182 2875 1385 2925 diutina
1411 2891 1595 2923 manus
1620 2890 1725 2922 succ
1751 2872 1821 2922 sit
1848 2877 2079 2922 curatus.

358 3001 596 3051 Venerat
646 3000 789 3051 inter
839 3001 971 3051 alios
1023 3000 1355 3067 supradictos
1410 2999 1569 3049 abbas
1622 2997 1936 3048 monasterii
1985 2996 2171 3046 Sancti

251 3072 500 3134 Albani‚w
517 3072 889 3138 suprascriptae
905 3072 1290 3122 Translationis
1312 3071 1557 3121 minister
1576 3070 1817 3131 devotuS,
1839 3069 1932 3135 qui
1950 3068 2171 3118 beatum

251 3143 612 3194 Cuthbertum
651 3144 825 3194 multo
860 3162 1068 3210 semper
1103 3143 1337 3195 excoluit
1373 3160 1570 3203 amore,
1614 3142 1835 3208 ejusque
1862 3140 2168 3206 sepulcrum

251 3215 441 3280 saepius
468 3215 643 3265 fuerat
670 3215 860 3265 solitus
885 3215 1128 3266 invisere.
1195 3216 1251 3265 Is
1277 3233 1371 3281 per
1396 3214 1629 3264 multum
1655 3212 1910 3278 tcmporis
1938 3210 2170 3261 sinistrae

251 3303 441 3335 manus
470 3286 617 3351 gravi
642 3286 927 3336 tenebatur
945 3287 1303 3347 incommodo,
1331 3293 1392 3336 ut
1418 3303 1517 3335 nec
1537 3285 1727 3334 missas
1754 3282 2039 3343 celebrare,
2068 3299 2169 3331 nec

250 3356 395 3407 aliud
422 3357 692 3422 quippiam
718 3358 890 3423 operis
917 3357 1072 3409 facilc
1099 3359 1213 3409 sine
1234 3357 1451 3408 alterius
1474 3356 1669 3406 auxilio
1697 3361 1874 3422 posset
1893 3370 2165 3419 peragere.

249 3428 352 3477 Cui
390 3427 718 3478 medicorum
757 3428 972 3494 quidem
1017 3430 1202 3480 sedula
1243 3422 1424 3479 aderat
1464 3427 1784 3487 sollicitudo,
1831 3425 1922 3475 sed
1959 3423 2162 3473 nullius

247 3499 513 3549 industria
547 3499 831 3565 quicquam
871 3501 1092 3551 remedii
1129 3507 1340 3568 poterat
1382 3499 1639 3550 conferre.
1719 3498 1911 3562 Itaque
1939 3494 2166 3545 collecto

359 3689 380 3705 ¹⁰
407 3627 823 3723 {nIltlflSzSuAgiJndel
842 3681 926 3721 and
946 3681 1062 3731 Gale,
1092 3681 1165 3722 the
1185 3681 1343 3722 abbat's
1364 3693 1500 3730 name,
1532 3679 1754 3728 Ricardus,
1785 3677 1820 3717 is
1839 3675 2041 3716 inserted.
