2384 4126
845 392 1101 426 HISTORIA
1141 392 1349 425 REGUM.
2026 381 2055 430 7

143 518 337 571 dentiae
382 518 758 599 gubernaculo,
805 536 966 585 quare
1010 517 1111 569 hoc
1148 518 1368 569 brutum
1413 518 1629 581 animal,
1676 518 1814 569 sicut
1858 518 2059 586 aliquid

144 590 325 657 magni
346 596 512 657 gerat,
535 590 769 657 sequeris
789 590 997 641 incessu
1019 590 1388 641 devotissimo.
1376 590 1438 628 9²²
1505 590 1609 640 His
1630 590 1803 653 dictis,
1825 590 2059 641 Deitatis

144 662 364 713 summis
390 662 660 742 perculsus
680 662 890 729 jaculis,
919 680 983 712 ex
1008 662 1258 741 sonipede
1284 661 1408 712 ruit.
1475 662 1747 712 Continuo
1774 661 2061 728 suscipitur

145 752 266 785 cum
293 734 451 784 armis
478 751 718 814 equoque
743 733 904 783 nimis
928 733 1261 800 nimiumque
1286 733 1471 784 infelix
1498 733 1717 784 Thunor
1742 750 1878 784 novo
1904 739 2061 784 terrae

143 806 313 868 hiatu,
355 823 414 857 ac
447 805 613 856 nimio
654 811 855 856 terrore
888 823 981 856 rex
1016 822 1139 855 cum
1179 805 1427 856 omnibus
1462 805 1571 855 suis
1606 804 2061 856 commilitonibus

146 883 435 944 correptuS,
463 877 656 944 operiri
691 877 897 928 concite
931 876 1088 944 jubet
1121 876 1387 927 horrendo
1421 876 1659 943 lapidum
1687 894 1871 928 acervo
1896 876 2061 944 ipsius

147 967 351 1017 corpuS,
381 949 558 999 anima
581 948 803 1015 perenni
829 955 1035 1000 servata
1059 948 1326 1010 incendio,
1347 948 1549 999 baratri
1576 949 1798 1000 coenosis
1823 948 2058 1015 ignibus,

148 1021 212 1071 de
257 1020 448 1087 quibus
492 1020 695 1071 dictum
746 1026 826 1071 est
874 1020 1062 1087 poenis,
1104 1020 1482 1071 “Transibunt
1533 1020 1724 1071 animae
1775 1020 1840 1071 de
1890 1020 2061 1087 poenis

145 1092 349 1143 nivium
412 1092 478 1142 ad
540 1092 769 1143 calorem
831 1092 1116 1142 nimium.”
1219 1091 1328 1144 Qui
1376 1092 1525 1143 100118
1580 1110 1611 1142 0
1660 1092 2062 1143 transeuntibus

146 1163 533 1215 Thunerhleavv
550 1170 783 1226 vocatur,
810 1163 1012 1230 talique
1028 1163 1284 1214 vocabulo
1309 1164 1529 1230 potitur.
1594 1164 1812 1215 Talibus
1838 1163 2063 1231 stupidae

146 1235 334 1287 mortis
360 1236 544 1286 officiis
569 1235 757 1286 insano
782 1235 978 1286 lanista
1002 1241 1205 1297 utente,
1235 1253 1295 1286 ac
1321 1253 1415 1301 pro
1442 1235 1646 1287 deliciis
1671 1242 2062 1286 tormentorum

146 1325 329 1375 poenas
354 1308 555 1369 luente,
581 1307 834 1374 praedicta
858 1307 987 1370 fera,
1017 1313 1276 1374 quantum
1296 1307 1493 1358 Divina
1510 1307 1756 1358 voluntas
1783 1307 2062 1369 concessit,

150 1379 225 1431 eis
288 1379 669 1429 comitantibus
717 1379 821 1429 iter
869 1378 1011 1441 fecit,
1071 1385 1124 1429 et
1175 1379 1250 1429 sic
1301 1379 1527 1445 gradum
1577 1379 1693 1429 fixit
1743 1379 2064 1429 mirantibus

149 1450 373 1502 cunctis.
462 1451 579 1501 Rex
623 1450 764 1517 quod
808 1450 1161 1517 spoponderat
1205 1450 1315 1500 viso
1354 1450 1575 1501 territus
1620 1450 1876 1502 miraculo
1920 1450 2064 1513 fecit,

149 1541 314 1573 manu
337 1522 549 1588 propria
573 1522 838 1583 formavit,
867 1522 1045 1588 sicque
1072 1522 1290 1572 domum
1314 1522 1490 1573 rediit.

258 1594 460 1644 Mulier
489 1611 631 1656 vero,
675 1599 871 1644 sanctae
903 1593 1116 1644 virtutis
1144 1593 1331 1655 amica,
1375 1611 1435 1643 00
1466 1594 1583 1644 Deo
1609 1592 1761 1644 valde
1789 1593 1975 1655 electa,
2011 1593 2067 1644 in

149 1665 450 1716 1100111811Ιο
475 1665 750 1716 ecclesiam
788 1665 940 1715 almae
974 1665 1078 1715 Dei
1114 1664 1387 1731 genitricis
1426 1664 1617 1715 Mariae
1649 1670 1918 1731 perpetuae
1943 1664 2067 1715 Vir-

151 1736 307 1805 ginis,
334 1737 392 1786 111
425 1736 682 1787 memoria
716 1736 1063 1787 innocentum
1091 1736 1294 1787 Christi
1328 1742 1646 1803 martyrum,
1682 1736 1910 1786 fratrum
1947 1753 2067 1786 suo-

150 1827 288 1873 rum,
326 1808 619 1871 constituit,
656 1808 924 1874 filiamque
951 1826 1101 1858 suam
1136 1808 1289 1858 bonae
1314 1807 1507 1858 indolis
1531 1807 1810 1876 virginem,
1838 1808 2068 1875 Mildry-

152 1881 275 1931 dam
317 1880 653 1947 appellatam,
701 1879 1070 1931 ecclesiasticis
1114 1879 1172 1929 in
1215 1879 1587 1929 transmarinis
1627 1880 1867 1946 partibus
1912 1880 2067 1930 disci-

152 1952 310 2020 plinis
361 1951 641 2014 eruditam,
692 1951 1033 2018 postmodum
1082 1951 1159 2002 ibi
1210 1951 1505 2014 constituit,
1558 1969 1680 2002 cum
1731 1952 2072 2018 septuaginta

153 2023 644 2074 sanctimonialibus
676 2042 706 2073 a
737 2029 920 2073 sancto
957 2022 1348 2090 archiepiscopo
1374 2023 1697 2074 Deus-dedit
1732 2023 2070 2086 consecratis,

152 2095 390 2163 inibique
418 2095 773 2162 congregavit.
852 2095 939 2145 Ibi
974 2112 1099 2162 ergo
1140 2095 1310 2146 beatae
1350 2095 1580 2162 genitrix
1620 2095 1920 2146 Mildrithae
1953 2102 2072 2162 post

155 2185 435 2219 excursum
484 2167 836 2234 plurimorum
889 2184 1168 2228 annorum,
1213 2172 1331 2233 post
1383 2166 1766 2217 exhibitionem
1812 2167 2073 2217 bonarum

154 2240 432 2301 virtutum,
467 2244 586 2305 post
621 2238 1021 2289 aedificationem
1063 2237 1415 2304 plurimarum
1455 2238 1719 2288 mentium
1749 2238 1984 2288 virorum
2020 2246 2073 2289 et

154 2311 422 2377 virginum
463 2328 591 2377 quas
630 2310 688 2359 in
730 2310 944 2359 Christo
984 2309 1300 2359 confortavit
1339 2327 1460 2359 cum
1494 2309 1737 2376 lampade
1762 2310 2005 2376 justitiae,
2045 2329 2075 2360 a

158 2383 373 2433 Christo
417 2381 613 2432 meruit
664 2381 864 2442 audire,
918 2382 1101 2447 Surye,
1137 2398 1390 2446 propera,
1444 2382 1614 2431 amica
1665 2399 1794 2444 mea,
1845 2383 1961 2432 veni
2012 2382 2074 2431 de

157 2454 377 2515 Libano,
417 2454 550 2514 veni,
591 2453 959 2503 coronaberis.³
1039 2452 1206 2519 Cujus
1242 2452 1420 2502 anima
1455 2452 1520 2502 ad
1556 2452 1670 2503 caeli
1715 2452 1943 2503 deducta
1979 2471 2071 2519 pa-

157 2525 367 2586 latium,
415 2542 445 2574 a
489 2524 704 2574 Christo
741 2523 965 2590 percipit
1002 2523 1435 2575 immarescibilia
1476 2524 1712 2575 victoriae
1750 2524 1905 2586 dona,
1953 2542 2074 2575 cum

159 2597 239 2647 Eo
286 2595 599 2661 Sanctisque
648 2595 781 2662 Ejus
830 2601 1118 2661 regnatura
1167 2595 1224 2644 in
1273 2595 1494 2662 perenni
1545 2596 1729 2662 gloria.
1827 2596 1966 2647 Sane
2016 2596 2075 2646 in

157 2667 466 2718 monasterii
505 2666 766 2733 regimine
811 2667 1046 2717 succedit
1089 2666 1276 2717 inclita
1316 2667 1429 2734 ejus
1471 2667 1696 2729 soboles,
1740 2685 1900 2734 quam
1946 2667 2073 2718 edu-

160 2744 367 2790 caverat
395 2738 765 2789 decentissime
801 2738 997 2789 nobilis
1030 2744 1083 2789 et
1116 2738 1174 2788 in
1207 2738 1410 2788 Christi
1450 2739 1665 2789 servitio
1690 2756 1799 2789 non
1827 2739 2076 2790 deficiens

158 2810 462 2879 Mildrytha
501 2810 769 2877 praedicta,
813 2810 1148 2861 sanctissima
1181 2810 1348 2877 virgo,
1394 2811 1566 2861 multa
1598 2810 1811 2878 fulgens
1845 2811 2074 2862 miracu-

158 2883 332 2934 lorum
360 2882 545 2948 gratia.

267 2954 427 3005 Unde
454 2971 621 3004 unum
646 2971 924 3004 narramus
951 2953 1283 3016 miraculum,
1313 2953 1454 3020 quod
1474 2953 1587 3005 sine
1615 2953 1777 3004 dubio
1799 2955 2078 3006 confirmat

162 3025 285 3093 quia
323 3026 520 3076 fecerat
555 3025 604 3076 ei
637 3025 902 3075 Dominus
941 3025 1172 3091 plurima
1206 3043 1322 3091 quae
1349 3031 1475 3075 sunt
1509 3025 1825 3076 mortalibus
1856 3026 2076 3077 inedici-

159 3097 304 3149 bilia.
383 3096 629 3149 Quadam
655 3096 884 3163 namque
909 3097 1166 3163 temporis
1201 3097 1352 3160 serie,
1379 3097 1791 3148 lassescentibus
1824 3098 2080 3148 membris

162 3187 256 3236 pro
305 3168 472 3219 nimia
504 3168 701 3219 laboris
743 3168 1113 3231 diuturnitate,
1161 3168 1467 3235 quiescebat
1510 3169 1568 3218 in
1610 3169 1824 3230 lectulo,
1871 3170 2080 3220 modico

164 3247 380 3307 gravata
413 3258 627 3307 sopore:
665 3240 750 3290 cui
786 3240 956 3290 astitit
995 3240 1215 3307 angelus
1249 3240 1470 3291 Domini
1511 3240 1568 3290 in
1608 3238 1866 3291 c‘olumbae
1908 3241 2081 3308 specie

162 3312 398 3363 residens
423 3312 481 3362 in
507 3312 621 3378 ejus
649 3312 837 3378 capite,
864 3318 925 3362 ut
953 3330 1071 3363 eam
1090 3317 1333 3363 tueretur
1361 3330 1390 3361 a
1409 3312 1768 3379 malignorum
1795 3312 2082 3379 spirituum

163 3383 425 3435 illusione.
522 3383 654 3434 Haec
698 3383 853 3434 beata
892 3384 1059 3450 virgo,
1106 3383 1243 3434 sicut
1289 3384 1402 3450 ejus
1451 3383 1579 3434 felix
1631 3384 1890 3450 genetrix,
1941 3384 2084 3434 bona

163 3455 468 3521 relinquens
513 3455 826 3522 sequacibus
867 3455 1109 3522 vestigia,
1155 3455 1539 3521 Omnipotente
1591 3456 1873 3522 spirituum
1924 3456 2082 3505 Patre

167 3527 279 3594 ejus
319 3526 550 3577 animam
586 3533 845 3590 sumente,
888 3533 1032 3578 terra
1070 3527 1329 3593 plorante,
1374 3527 1500 3577 caelo
1540 3526 1823 3594 gaudente,
1864 3526 1994 3576 vivit
2027 3526 2084 3575 in

865 3685 879 3701 ⁶
910 3676 1071 3718 Cantic.
1093 3677 1138 3717 ii.
1163 3681 1238 3724 1ος
1268 3678 1321 3718 iv.
1344 3680 1381 3719 8.
