2384 4126
320 366 427 416 236
1085 384 1364 418 APPENDIX
1406 386 1493 419 111.

369 509 505 560 XII.
554 510 705 592 Quod
745 510 938 593 obitum
982 528 1130 562 suum
1160 512 1479 578 praescierit,
1525 517 1575 563 et
1612 513 1846 579 quoedam
1875 512 2070 580 futura
2105 531 2247 580 proe-

337 654 503 706 XIII.
551 583 878 714 Ωῑῖῗῇζζῗὲῖθ
904 657 1006 707 hac
1031 657 1142 707 vita
1169 657 1495 723 miyraverz‘t.

1266 1052 1312 1102 Ι.

320 1164 471 1222 Quod
529 1164 842 1232 Maryarz'ta
905 1166 1089 1232 regrina
1153 1166 1340 1232 effectu
1412 1168 1583 1233 operis
1655 1168 1943 1219 servaverit
2016 1168 2249 1219 decorem

1154 1237 1414 1289 nominisfi

426 1363 632 1427 ⁶Multi,
673 1369 733 1414 ut
770 1364 1020 1430 legimus,
1062 1384 1095 1415 a
1132 1365 1389 1431 qualitate
1425 1367 1623 1417 mentis
1669 1367 1931 1433 originem
1971 1372 2251 1418 traxerunt

313 1435 547 1486 nominis
565 1458 580 1499 3
622 1442 683 1486 ut
710 1437 767 1486 in
792 1437 899 1487 illis
926 1437 1247 1488 vocabulum
1274 1439 1647 1504 praetenderet,
1686 1439 1826 1506 quod
1854 1439 2056 1506 gratiae,
2085 1457 2246 1506 quam

316 1514 653 1575 acceperunt,
684 1509 1010 1560 conveniret.
1092 1510 1181 1560 Sic
1209 1510 1437 1577 denique
1465 1512 1658 1562 Petrus
1687 1530 1717 1562 a
1743 1517 1892 1579 petra
1920 1511 2152 1574 Christe,
2181 1511 2249 1562 ob

316 1580 440 1631 fidei
468 1581 777 1632 firmitatem
795 1603 809 1644 3
852 1582 926 1632 sic
959 1582 992 1631 J
997 1582 1253 1645 ohannes,
1290 1583 1432 1649 quod
1467 1589 1547 1634 est
1580 1584 1684 1634 Dei
1712 1584 1900 1651 gratia,
1944 1583 2011 1635 ob
2039 1583 2248 1634 Divini-

315 1652 443 1702 tatis
490 1653 999 1720 contemplationem
1045 1660 1097 1705 et
1138 1655 1321 1704 Divini
1370 1656 1564 1706 amoris
1616 1656 1955 1723 privilegium
1973 1677 1987 1718 3
2048 1661 2102 1707 et
2152 1655 2250 1705 filii

315 1724 576 1787 Zebedaei,
614 1726 956 1792 (Boanerges)
1001 1726 1056 1776 id
1098 1733 1178 1777 est
1222 1727 1346 1777 Filii
1390 1728 1637 1778 Tonitrui
1676 1735 1801 1779 sunt
1841 1728 1988 1791 dicti,
2034 1733 2251 1796 propter

316 1797 637 1863 evangelicae
687 1798 1082 1864 praedicationis
1142 1798 1461 1850 tonitruum.
1566 1801 1726 1852 Quod
1775 1800 1834 1850 in
1882 1800 1984 1851 hac
2034 1800 2249 1850 virtutis

314 1869 518 1920 femina
566 1869 869 1920 invenitur:
937 1889 1055 1937 quae
1107 1870 1370 1934 decorem,
1434 1890 1593 1939 quem
1644 1872 1862 1923 homine
1911 1872 2246 1940 praeferebat,

316 1941 508 2008 majori
568 1941 760 1992 animae
818 1941 1218 2008 pulchritudine
1268 1943 1530 1994 vincebat.
1636 1944 1883 2011 Namque
1945 1944 2249 2011 Margarita

314 2013 625 2075 vocabatur,
669 2019 723 2064 et
748 2014 866 2081 ipsa
891 2014 948 2063 in
976 2022 1262 2082 conspectu
1291 2016 1395 2067 Dei
1422 2016 1525 2067 fide
1562 2022 1721 2084 atque
1748 2034 1905 2083 opere
1930 2022 1991 2067 ut
2016 2016 2249 2084 pretiosa

315 2085 616 2152 Margarita
648 2085 964 2137 habebatur.
1044 2088 1238 2154 Itaque
1282 2088 1585 2154 Margarita
1623 2094 1817 2151 vestra,
1862 2106 1999 2152 mea,
2044 2094 2246 2150 nostra,

313 2157 481 2208 immo
527 2158 748 2221 Christi,
801 2165 855 2209 et
901 2159 1027 2225 quia
1078 2160 1281 2210 Christi
1330 2160 1530 2211 idcirco
1573 2161 1694 2228 plus
1745 2167 1949 2223 nostra,
1996 2161 2111 2228 jam
2149 2178 2248 2211 nos

313 2230 534 2297 reliquit
571 2230 637 2280 ad
671 2230 970 2281 Dominum
1008 2238 1297 2299 assumpta.
1375 2233 1672 2299 Assumpta
1698 2238 1797 2296 est,
1824 2232 2064 2300 inquam,
2093 2233 2244 2283 Mar-

316 2303 491 2367 garita
525 2303 591 2353 de
631 2303 822 2353 mundi
856 2303 1020 2371 hujus
1063 2304 1417 2371 sterquilinio,
1456 2311 1509 2356 et
1549 2305 1739 2356 rutilat
1772 2305 2000 2356 nuncin
2036 2305 2248 2371 [aeterni

321 2375 480 2441 Regis
500 2375 676 2442 posita
697 2382 1030 2426 ornamento.
1097 2376 1258 2444 Inde]
1285 2377 1432 2427 enim
1450 2395 1519 2428 ne
1533 2377 1660 2444 [mo‚
1683 2383 1746 2427 ut
1765 2395 1902 2440 reor,
1926 2377 2078 2445 dubi]
2090 2377 2246 2438 tabit,

315 2464 435 2497 cum
485 2448 600 2514 ejus
641 2447 805 2498 vitam
853 2454 906 2499 et
948 2449 1069 2500 vitae
1114 2448 1357 2516 [finem]d
1393 2449 1553 2516 paulo
1594 2455 1714 2517 post
1756 2449 2000 2500 audierit.
2079 2450 2249 2517 Cujus
2297 2494 2318 2509 ,

313 2536 527 2570 mecum
580 2520 859 2587 colloquia,
914 2521 1023 2572 sale
1075 2521 1351 2588 sapientiae
1403 2522 1634 2585 condita,
1689 2522 1819 2572 dum
1868 2522 2045 2572 recolo
2062 2542 2076 2584 3
2118 2522 2249 2572 dum

311 2591 595 2659 lacrymaS,
639 2610 769 2659 quas
813 2593 1155 2660 compunctio
1192 2594 1365 2644 cordis
1401 2600 1723 2657 excusserat,
1765 2594 2073 2656 considero3
2116 2594 2245 2644 dum

315 2663 662 2714 sobrietatem
690 2670 743 2715 et
769 2682 982 2715 morum
1004 2666 1444 2733 compositionem
1470 2666 1687 2717 intueor
1701 2688 1715 2729 3
1757 2667 1887 2717 dum
1915 2665 2247 2717 affabilitatis

315 2741 369 2785 et
420 2735 718 2802 prudentiae
768 2737 1114 2800 reminiscor3
1154 2738 1347 2804 lugens
1399 2738 1624 2805 gaudeo,
1676 2746 1739 2789 et.
1783 2739 2021 2805 gaudens
2070 2738 2245 2805 lugeo.

315 2807 557 2869 Gaudeo,
605 2807 731 2873 quia
782 2808 848 2858 ad
898 2810 1095 2873 Deum,
1149 2828 1309 2877 quem
1360 2810 1734 2877 suspiraverat,
1780 2810 2027 2873 transiit3
2069 2810 2247 2876 lugeo,

314 2879 439 2946 quia
465 2897 587 2929 cum
618 2880 713 2930 illa
737 2880 796 2929 in
823 2881 1123 2932 caelestibus
1150 2899 1260 2932 non
1287 2883 1511 2948 gaudeo.
1591 2882 1700 2946 Illi,
1738 2882 1976 2949 inquam,
2007 2883 2212 2949 gaudeo
2229 2905 2244 2946 3

314 2950 438 3017 quia
472 2969 597 3017 *quae
649 2952 964 3015 crediderat,
1010 2953 1125 3020 jam
1168 2971 1315 3004 nunc
1364 2954 1509 3005 videt
1561 2955 1694 3005 bona
1735 2955 1951 3004 Domini
2002 2956 2058 3005 in
2101 2961 2246 3006 terra

312 3024 592 3074 viventium
612 3031 649 3073 :6
686 3024 820 3073 mihi
866 3030 1048 3075 autem
1087 3025 1265 3092 lugeo,
1310 3026 1565 3092 quoniam
1611 3026 1668 3075 in
1706 3031 1851 3076 terra
1891 3032 2246 3090 mortuorum,

312 3096 440 3146 dum
469 3095 710 3145 mortalis
738 3094 861 3146 vitae
895 3096 1136 3147 miserias
1169 3097 1363 3164 patior,
1407 3097 1645 3164 quotidie
1678 3097 1909 3148 clamare
1942 3099 2247 3164 compellor,

310 3166 507 3233 Infelioe
534 3184 623 3234 eyo
652 3169 819 3230 lz0m0,
850 3169 965 3234 quis
991 3186 1070 3219 me
1097 3170 1342 3220 liberabit
1370 3170 1432 3220 de
1460 3187 1675 3235 corpore
1701 3170 1885 3221 mortis
1913 3171 2065 3236 hujus
2084 3169 2141 3220 ,ΡΥ

395 3321 411 3345 '²
442 3321 577 3362 These
598 3322 749 3384 special
768 3323 973 3384 headings
992 3337 1062 3387 are
1083 3326 1159 3365 not
1178 3325 1223 3365 in
1244 3326 1319 3367 the
1340 3326 1449 3377 MS„
1478 3327 1558 3367 but
1582 3340 1654 3368 are
1683 3327 1873 3369 inserted
1894 3327 2003 3368 from
2022 3327 2096 3368 the
2116 3326 2187 3367 list
2207 3326 2253 3367 of

311 3376 1331 3486 OhaPtglrlievihissialhlzzgssbisbggali&lgiirrilamented
1350 3436 1396 3476 in
1416 3437 1504 3487 red,
1535 3443 1691 3487 green,‘
1709 3438 1793 3478 and
1813 3438 1926 3479 blue.

394 3487 413 3511 ‘²
442 3487 532 3527 The
552 3488 742 3539 portioris
762 3489 808 3529 of
831 3490 906 3530 the
925 3492 1017 3530 text
1037 3491 1174 3531 which
1196 3504 1267 3532 are
1286 3492 1492 3532 rendered
1512 3492 1697 3545 illegible
1718 3493 1764 3532 in
1784 3505 2077 3544 consequence
2099 3491 2145 3532 of
2172 3491 2246 3532 the

310 3541 462 3592 partia]
493 3543 757 3583 destruction
789 3544 835 3584 of
859 3545 933 3586 the
965 3545 1058 3588 MS.
1090 3547 1147 3599 by
1173 3547 1249 3587 fire
1274 3560 1344 3587 are
1374 3548 1568 3588 enclosed
1588 3548 1740 3588 within
1766 3548 1972 3589 brackets.
2034 3547 2154 3599 They
2173 3559 2244 3587 are

310 3597 440 3637 taken
461 3598 571 3637 from
592 3598 843 3640 Pinkerton.

394 3659 409 3675 ⁶
438 3652 580 3692 Psalm
601 3653 730 3695 xxvii,
753 3658 817 3696 13.
1257 3655 1282 3688 s
1306 3656 1384 3709 Ep.
1406 3659 1451 3698 at·
1471 3657 1611 3708 Rom„
1640 3657 1712 3699 vii.
1735 3661 1801 3699 24.
