2384 4126
824 383 1079 417 HISTORIA
1120 383 1327 416 REGUM.
1960 370 2027 417 45

119 508 430 560 transmisit.
533 508 654 561 Quo
697 515 935 575 tempore
978 508 1168 559 beatus
1211 526 1348 575 papa
1391 508 1503 559 Leo
1548 508 1869 575 Apostolicae
1921 509 2033 560 sedi

112 586 334 647 praeerat
349 602 363 643 3
406 580 497 648 qui
521 580 800 647 praefatum
824 580 1085 631 infantem
1113 580 1364 630 ordinans
1390 580 1545 630 unxit
1570 580 1628 630 in
1653 598 1853 647 regem,
1892 587 1945 631 et
1970 581 2028 630 in

116 652 285 702 filium
321 652 618 719 adoptionis
653 652 867 703 sibimet
908 651 1170 718 accipiens
1215 652 1565 715 confirmavit,
1609 658 1662 702 θῖ
1703 652 1768 702 ad
1802 652 2028 718 patriam

117 730 275 790 atque
303 724 369 774 ad
395 730 599 791 patrem
626 742 746 774 cum
767 723 1140 774 benedictione
1169 723 1353 774 Sancti
1379 723 1526 774 Petri
1545 723 1791 790 Apostoli
1817 723 2026 774 direxit.

115 795 196 845 Ea
221 801 537 862 tempestate
562 795 794 846 Alchere
821 813 997 846 comes
1024 801 1077 845 et
1102 794 1276 845 Wada
1302 813 1424 845 cum
1451 795 1756 845 Cantuariis
1784 801 1837 846 et
1865 795 2028 845 Suth-

114 866 263 933 rigiis
298 873 483 918 contra
515 868 854 934 Paganorum
895 866 1186 918 exercitum
1228 866 1432 917 duriter
1472 867 1727 933 pugnavit
1765 866 1823 916 in
1856 867 2032 917 insula

117 955 233 1004 quae
262 939 522 989 Saxonica
554 939 739 1005 lingua
773 938 954 989 Tened
989 938 1200 1000 dicitur,
1242 938 1555 989 Britannico
1590 956 1832 989 sermone
1868 939 2030 989 Ruim

116 1011 426 1077 appellatur.
503 1011 761 1061 Primitus
788 1010 1083 1061 Christiani
1107 1010 1383 1060 victoriam
1418 1010 1741 1072 habuerunt,
1771 1010 1879 1072 sed,
1908 1029 2028 1077 pro-

116 1083 334 1148 longato
362 1082 452 1132 diu
487 1082 686 1149 praelio,
723 1100 786 1132 ex
823 1088 1049 1148 utraque
1090 1087 1240 1148 parte
1273 1082 1489 1148 plurimi
1524 1092 1854 1144 corruerunt,
1890 1083 2029 1132 mul-

116 1154 264 1221 tique
289 1154 347 1203 in
373 1154 591 1204 flumine
618 1154 861 1204 suffocati
897 1159 1022 1203 sunt
1058 1160 1110 1204 et
1145 1153 1323 1215 occisi,
1364 1153 1684 1204 inedicibilis
1719 1155 2029 1205 multitudo.

116 1226 294 1276 Duces
319 1244 441 1277 vero
466 1226 708 1292 praedicti
743 1225 899 1275 ambo
932 1225 1131 1276 ibidem
1173 1225 1539 1276 occubuerunt
1574 1244 1669 1292 pro
1705 1226 1880 1292 gentis
1921 1244 2029 1277 suae

116 1297 446 1348 liberatione.
522 1297 838 1348 Ethelwlfus
872 1314 964 1347 rex
1000 1296 1241 1363 gloriosae
1274 1297 1555 1363 potestatis
1588 1297 1703 1364 ipso
1739 1316 1878 1348 anno
1912 1304 2032 1364 post

115 1369 460 1420 festivitatem
488 1375 684 1419 sanctae
710 1368 1112 1419 resurrectionis
1131 1368 1351 1431 Christi,
1378 1369 1544 1419 filiam
1572 1387 1721 1419 suam
1749 1370 2030 1420 Burhredo

117 1441 232 1507 regi
258 1441 586 1491 Merciorum
613 1441 833 1490 tradidit
860 1457 982 1490 cum
1008 1458 1206 1506 magna
1232 1440 1417 1507 gloria,
1452 1447 1514 1490 ut
1548 1441 1763 1507 regibus
1790 1459 1905 1491 mos
1932 1451 2030 1503 est,

116 1512 173 1562 in
200 1513 325 1563 villa
352 1530 468 1579 quae
494 1512 689 1563 dicitur
714 1511 1200 1578 Et-Cippanhama,
1230 1529 1333 1579 quo
1359 1512 1561 1579 nuptiis
1581 1513 1808 1579 peractis
1834 1514 2032 1580 reginae

116 1584 366 1652 praecepit
391 1584 623 1634 nominis
651 1584 987 1650 dignitatem.

944 1732 1191 1765 DCCCLIV.

224 1816 384 1866 Anno
446 1814 744 1865 Dominicae
798 1813 1183 1864 incarnationis
1245 1813 1495 1881 Docc.liiij
1555 1813 1799 1865 Wlfhere
1863 1815 2033 1865 archi-

115 1887 389 1955 episcopus
439 1886 661 1953 pallium
713 1886 962 1953 suscepit,
1006 1891 1059 1937 et
1110 1885 1342 1937 Eardulf
1388 1886 1619 1953 suscepit
1670 1886 2033 1955 episcopatum

116 1959 626 2011 Lindisfarnensem.

956 2046 1176 2080 DcchV.

221 2130 382 2180 Anno
408 2129 629 2191 Decolv,
671 2127 967 2178 nativitatis
1001 2127 1207 2195 praefati
1232 2127 1374 2194 regis
1399 2126 1489 2195 vij,
1518 2128 1856 2195 Paganorum
1884 2148 2030 2181 exer-

115 2202 251 2254 citus
277 2208 391 2253 tota
415 2201 592 2252 hieme
618 2200 675 2250 in
699 2200 876 2250 insula
903 2199 1126 2266 Scepige
1160 2199 1547 2250 hiemaverunt.
1628 2201 1750 2252 Quo
1790 2207 2030 2269 tempore

116 2273 431 2326 Ethelwlfus
456 2290 549 2323 rex
574 2271 855 2323 decimavit
880 2277 1056 2321 totum
1083 2271 1236 2337 regni
1262 2271 1344 2321 sui
1363 2271 1648 2337 imperium
1673 2290 1768 2339 pro
1788 2273 2029 2341 redemp-

114 2347 260 2397 tione
288 2345 478 2396 animae
505 2362 611 2394 suae
632 2350 684 2394 et
712 2350 1107 2394 antecessorum
1134 2360 1367 2393 suorum.
1446 2343 1571 2409 Ipso
1591 2361 1714 2394 vero
1742 2362 1881 2395 anno
1908 2363 2031 2396 cum

115 2435 312 2484 magno
346 2416 548 2467 honore
590 2415 655 2465 ad
695 2415 884 2465 limina
918 2414 1172 2482 principis
1205 2414 1586 2480 Apostolorum
1628 2416 1895 2481 profectus
1931 2424 2029 2480 est,

114 2490 318 2541 habens
353 2506 532 2539 secum
567 2486 862 2548 Elfredum,
901 2503 962 2537 eo
1002 2485 1143 2553 quod
1182 2485 1336 2535 illum
1378 2486 1548 2552 magis
1583 2486 1830 2553 diligeret
1870 2506 2030 2555 quam

118 2568 353 2613 caeteros.
457 2560 746 2626 Susceptus
797 2563 877 2609 est
935 2574 1026 2608 rex
1075 2557 1378 2624 Anglorum
1440 2558 1506 2608 ab
1557 2558 1868 2625 Apostolico
1918 2560 2032 2612 viro

118 2634 397 2685 decenter:
452 2649 555 2698 quo
599 2635 837 2681 moratus
881 2634 961 2680 est
1006 2647 1146 2680 anno
1188 2629 1417 2696 integrO,
1462 2630 1791 2687 orationibus
1831 2637 1884 2682 et
1925 2632 2031 2683 ele-

117 2704 337 2756 mosinis
361 2703 612 2754 insistens
639 2701 939 2768 diligenter.
1016 2702 1097 2751 Eo
1124 2718 1333 2768 quoque
1361 2700 1425 2751 ad
1451 2701 1679 2768 patriam
1710 2709 2028 2766 revertente,

115 2778 224 2828 filio
251 2794 345 2826 suo
371 2774 693 2825 Ethelbaldo
728 2780 781 2824 et
810 2773 1183 2824 Scirburnensi
1207 2772 1535 2823 Ealhastano
1562 2773 1807 2841 episcopo
1835 2781 1887 2825 et
1913 2776 2029 2842 plu-

115 2849 266 2899 rimis
309 2847 425 2898 aliis
465 2864 682 2913 perosus
723 2851 852 2896 erat.
929 2845 1079 2895 Vixit
1124 2862 1250 2911 ergo
1291 2844 1608 2896 Ethelwlfus
1651 2863 1745 2896 rex
1796 2847 2027 2898 clemen-

117 2921 355 2971 tissimus
397 2918 549 2969 annis
590 2917 795 2968 duobus
839 2922 1118 2984 postquam
1160 2916 1449 2967 Romuleas
1495 2917 1639 2968 adire
1680 2918 1830 2969 sedes
1875 2920 2029 2986 cepit.

119 2992 229 3044 Qui
253 2992 394 3042 inter
420 2990 524 3041 alia
555 2988 832 3056 praesentis
856 2989 980 3040 vitae
1015 2988 1156 3038 bona
1190 2994 1244 3038 et
1282 2988 1458 3038 studia
1496 2989 1691 3055 regalis
1732 2990 1920 3057 operis,
1965 2991 2029 3042 de

116 3081 212 3115 suo
237 3063 469 3113 transitu
495 3061 890 3129 praemeditatus
918 3066 1015 3122 est,
1042 3078 1111 3111 ne
1137 3059 1234 3110 filii
1269 3060 1350 3110 sui
1389 3065 1506 3127 post
1540 3061 1746 3111 obitum
1774 3080 1883 3113 suae
1910 3063 2030 3114 vitae

117 3136 491 3202 disceptarent,
534 3132 812 3200 epistolam
851 3132 977 3182 satis
1019 3131 1252 3198 eleganti
1290 3131 1671 3198 compositione
1714 3135 2028 3201 composuit,

116 3225 233 3273 quae
258 3206 437 3257 omnia
463 3223 578 3272 quae
605 3204 687 3254 sui
708 3203 843 3272 juris
871 3209 1022 3254 erant
1049 3202 1337 3254 distribuit.
1414 3204 1517 3254 Per
1557 3222 1770 3255 omnem
1805 3205 2027 3256 haeredi-

115 3284 283 3329 tatem
310 3295 417 3328 suae
443 3283 598 3327 terrae
624 3293 831 3342 semper
862 3275 920 3325 in
955 3275 1138 3326 decem
1176 3274 1375 3325 mansis
1410 3292 1580 3325 unum
1613 3294 1901 3343 pauperem
1936 3283 2029 3327 aut

116 3348 425 3415 indigenam
455 3348 538 3399 vel
571 3348 912 3415 peregrinum
947 3346 1065 3397 cibo
1107 3353 1159 3397 et
1199 3352 1330 3413 potu
1371 3346 1478 3398 sive
1513 3347 1832 3398 vestimento
1867 3349 2029 3415 jussit

119 3419 354 3486 adjuvari
393 3420 475 3470 vel
517 3419 678 3486 pasci,
719 3436 814 3485 pro
860 3436 914 3469 se
960 3424 1013 3469 et
1054 3436 1147 3485 pro
1187 3418 1436 3468 omnibus
1475 3419 1864 3469 successoribus
1900 3420 2025 3470 suis.

118 3490 346 3540 Romam
387 3508 594 3556 quoque
636 3507 729 3557 pro
768 3489 1134 3557 redemptione
1173 3489 1363 3540 animae
1401 3508 1508 3540 suae
1548 3497 1840 3541 trescentas
1876 3508 2024 3539 man-

119 3560 283 3611 cusasl
324 3562 524 3627 portari
566 3561 831 3628 praecepit,
884 3567 1101 3612 centum
1153 3560 1219 3611 ad
1262 3561 1449 3611 limina
1491 3562 1677 3611 Sancti
1721 3561 1867 3612 Petri
1910 3579 2026 3628 spe-

405 3670 415 3694 l
445 3674 647 3711 Maneusa
668 3674 711 3711 in
730 3688 771 3712 se
791 3675 970 3713 continet
991 3675 1168 3724 triginta
1188 3675 1394 3723 denarios,
1415 3673 1459 3713 in
1481 3674 1553 3713 the
1574 3672 1752 3723 margin.
