2384 4126
868 352 1121 385 HISTORIA
1163 351 1371 384 REGUM.
2003 339 2066 386 41

160 479 356 530 valeret
372 500 386 541 3
427 496 631 530 veneno
665 478 841 545 ipsum
865 478 981 545 ipsa
1013 478 1272 529 malevola
1305 476 1556 528 necavitst
1628 477 1712 528 De
1739 494 1843 543 quo
1869 496 2073 530 veneno

161 568 282 601 cum
321 552 433 618 ipse
476 569 569 601 rex
611 550 899 601 inscienter
944 556 1227 616 gustasset,
1269 549 1444 616 periit.
1535 549 1728 615 Neque
1773 549 1935 600 etiam
1979 550 2073 601 illa

156 640 421 673 venenum
446 622 560 689 regi
585 627 929 689 proposuerat
957 622 1081 673 dare
1108 621 1200 672 sed
1225 638 1404 688 puero,
1429 638 1583 687 quem
1606 621 1851 687 princeps
1877 621 2073 673 ducum

157 712 546 762 praeoccupans,
588 694 742 744 ambo
774 694 918 744 necis
950 693 1202 760 poculum
1237 692 1506 755 biberunt,
1548 692 1704 743 ambo
1736 698 1896 759 gustu
1928 711 2071 743 ama-

157 766 367 817 rissimo
405 766 694 833 perierunt.
774 765 896 817 Quo
923 783 987 816 ex
1013 764 1114 816 hoc
1141 765 1354 816 3366111ον
1381 770 1672 831 perempto,
1708 765 1943 815 venefica
1979 765 2074 815 illa

158 838 482 905 nequissima
521 838 713 888 timore
753 838 1053 904 perterrita8
1084 836 1340 904 fugiendo
1375 836 1517 886 ultra
1547 854 1693 887 mare
1728 842 1809 887 est
1843 854 2072 903 egressa,

160 927 280 959 cum
307 909 785 960 innumerabilibus
818 909 1099 971 thesauris,
1138 926 1319 975 regem
1347 908 1528 958 adiens
1555 908 1882 959 Francorum
1907 908 2074 959 famo-

161 981 430 1032 sissimum
477 981 755 1032 Karolum.
832 981 920 1031 Ad
959 999 1118 1048 quem
1160 998 1282 1031 cum
1324 986 1447 1031 ante
1490 980 1743 1030 solarium
1785 986 1980 1031 astaret
2023 986 2077 1031 et

156 1054 271 1120 regi
313 1053 540 1104 deferret
577 1071 800 1104 munera
836 1053 1084 1120 pretiosa,
1131 1053 1206 1103 sic
1250 1060 1330 1103 est
1382 1070 1497 1103 eam
1545 1052 1752 1103 affatus.
1846 1052 2073 1119 “Elige,

160 1125 432 1192 Eadburg,
455 1143 613 1192 quem
633 1125 781 1187 velis,
808 1143 894 1175 me
923 1131 1014 1175 aut
1040 1124 1209 1174 filium
1235 1142 1417 1175 meum
1444 1124 1536 1191 qui
1562 1142 1771 1175 mecum
1797 1123 1855 1173 in
1882 1125 2074 1175 solario

160 1204 314 1248 astat.
320 1198 355 1222 '²
431 1198 506 1247 At
531 1197 625 1247 1113
651 1197 764 1248 31116
803 1196 1185 1248 deliberatione
1220 1196 1383 1247 stulte
1409 1196 1700 1262 respondit,
1735 1196 1932 1259 dicens,
1963 1200 1997 1223 “
2017 1196 2076 1246 Si

161 1269 294 1319 mihi
320 1269 464 1336 optio
491 1269 723 1331 daretur,
755 1268 927 1319 filium
952 1274 1107 1318 tuum
1143 1268 1314 1335 magis
1352 1268 1605 1334 eligerem
1643 1286 1803 1335 quam
1841 1274 1911 1331 te,
1953 1268 2077 1335 quia

154 1341 337 1407 junior
375 1359 487 1392 esse
525 1340 790 1392 1111161111.υ
868 1340 971 1391 Cui
1007 1358 1100 1391 rex
1139 1340 1362 1390 Carolus
1399 1339 1477 1390 ita
1515 1339 1847 1406 respondisse
1886 1340 2073 1402 fertur,

163 1417 196 1440 “
217 1413 275 1463 Si
311 1430 397 1463 me
437 1413 675 1479 eligeres,
716 1411 938 1463 haberes
964 1412 1135 1462 filium
1162 1430 1359 1473 meum,
1400 1411 1491 1463 sed
1519 1411 1643 1478 quia
1666 1412 1821 1462 illum
1848 1412 2075 1479 elegisti,

161 1502 260 1535 nec
303 1503 389 1535 me
431 1502 531 1535 nec
580 1484 732 1534 illum
777 1484 1066 1565 propitium
1111 1483 1390 1534 habebiS.''
1482 1484 1727 1534 Contulit
1770 1490 1953 1534 tamen
1995 1484 2077 1534 illi

159 1562 375 1623 propte1
411 1556 809 1623 improbitatem
849 1557 962 1623 ejus
1001 1556 1264 1635 optimum
1301 1555 1703 1617 monasterium,
1742 1555 1799 1605 in
1841 1573 1944 1622 quo
1984 1555 2074 1606 de·-

160 1629 332 1694 posito
388 1628 626 1678 saeculari
680 1627 886 1689 habitu,
944 1627 1041 1677 sub
1098 1627 1270 1706 specie
1325 1627 1707 1693 hypocrissima
1760 1627 2077 1677 indumento

161 1699 647 1750 sanctimonialium
687 1705 976 1765 assumpto,
1021 1698 1297 1778 perpaucis
1335 1698 1662 1764 fungebatur
1707 1698 1889 1749 annis:
1938 1699 2076 1748 sicut

161 1771 301 1821 enim
341 1771 667 1822 execrabilist
708 1776 760 1821 et
801 1770 992 1821 flebilis
1032 1770 1147 1837 ipsa
1187 1770 1432 1836 nequiter
1436 1743 1515 1820 Det
1549 1770 2032 1821 irrationabiliter
2019 1789 2078 1820 111

158 1842 368 1910 propria
392 1843 523 1893 vixit
549 1842 764 1909 regione
785 1864 794 1893 z
834 1842 912 1892 ita
931 1842 1103 1893 multo
1125 1842 1365 1909 nequius,
1391 1841 1759 1905 miserabilius,
1788 1850 1841 1893 et
1867 1842 2075 1893 irratio-

158 1914 388 1965 nabilius
413 1914 470 1964 in
497 1921 639 1965 terra
665 1914 838 1965 aliena
863 1914 1054 1965 vixisse
1082 1914 1514 1981 deprehenditur.

623 2006 790 2046 “AEstas
812 2006 880 2057 (ut
900 2006 1073 2058 quidam
1092 2005 1168 2058 ait)
1192 2006 1389 2047 Cererem
1408 2006 1568 2046 fervida
1589 2005 1728 2056 siccat,

653 2061 831 2101 Remeat
850 2062 985 2113 pomis
1006 2061 1143 2113 gravis
1163 2064 1411 2108 autumnus,

650 2116 851 2157 Hiemem
871 2117 1035 2157 defluus
1055 2116 1205 2168 irrigat
1224 2116 1359 2157 imber
1375 2117 1433 2156 :’'¹‘

158 2207 263 2258 Sed
288 2206 446 2274 hujus
472 2206 713 2273 pessimae
738 2206 937 2273 reginae
961 2212 1199 2257 mentem
1224 2224 1323 2257 nec
1349 2205 1692 2273 pulchritudo
1719 2205 1937 2269 aestatis,
1978 2224 2077 2257 nec

158 2280 306 2346 algor
346 2279 537 2330 hiemis
573 2278 741 2328 valuit
781 2297 811 2328 a
846 2278 1070 2329 libidine
1116 2278 1379 2329 cohibere.
1471 2278 1722 2344 Namque
1766 2278 2078 2328 interstitio⁰

157 2357 387 2419 peracto,
411 2351 538 2401 dum
566 2368 682 2417 quae
709 2356 892 2400 sancta
918 2355 1069 2400 erant
1091 2355 1378 2411 exerceret,
1401 2355 1460 2399 ut
1482 2349 1698 2416 quidam
1720 2350 2076 2413 aestimabant,

158 2442 188 2473 a
213 2423 442 2490 quodam
468 2440 575 2473 suae
601 2421 825 2490 propriae
853 2421 1027 2488 gentis
1052 2421 1279 2488 ignobili
1305 2421 1418 2472 viro
1446 2427 1790 2489 constuprata
1817 2427 1915 2473 est.

733 2514 900 2554 “Cedat
918 2513 1097 2553 inscitiae
1118 2513 1291 2553 nubilus
1311 2526 1442 2558 error,

763 2568 937 2609 Cessent
955 2569 1142 2620 profecto
1162 2568 1270 2608 mira
1289 2568 1422 2608 videri
1438 2569 1499 2608 :'’¹⁰

157 2658 465 2721 Mulierem,
506 2658 698 2725 inquit,
734 2658 791 2708 in
823 2658 1084 2709 adulterio
1112 2658 1512 2725 deprehensam.
1590 2656 1745 2707 Nihil
1779 2656 1959 2725 itaque
1998 2664 2078 2709 est

160 2731 300 2799 quod
336 2731 612 2793 admirere,
658 2732 793 2781 nihil
834 2732 1090 2782 occultum
1135 2731 1274 2797 quod
1311 2748 1413 2781 non
1452 2730 1697 2781 sciaturss
1776 2730 1904 2780 Post
1943 2730 2074 2793 haec,

158 2803 495 2871 praecipiente
523 2820 716 2869 magno
745 2803 935 2853 Carolo
973 2802 1311 2870 imperatore,
1352 2802 1588 2869 projecta
1626 2808 1706 2852 est
1733 2820 1855 2852 cum
1881 2820 2077 2869 magno

158 2875 353 2926 mentis
374 2874 531 2925 taedio
553 2881 606 2925 et
628 2883 851 2941 angore&
879 2893 909 2925 a
935 2892 1030 2925 suo
1051 2881 1236 2925 sancto
1260 2874 1580 2925 monasterio
1601 2895 1610 2924 :
1642 2892 1758 2940 quae
1774 2874 1831 2923 in
1853 2892 2073 2942 pauper-

157 2953 269 2998 tate
311 2952 364 2997 et
403 2946 617 2997 miseria
641 2947 762 2997 vitae
790 2964 898 2997 suae
935 2953 1177 3013 tempora
1203 2946 1634 3013 vituperabiliter
1662 2946 1728 2996 ad
1761 2947 1922 2996 finem
1959 2964 2075 3014 per-

158 3019 324 3069 duxit.
405 3019 539 3070 Quae
561 3018 625 3068 ad
647 3019 898 3068 ultimum
917 3036 1023 3069 uno
1044 3019 1251 3069 servulo
1269 3018 1539 3080 comitata,
1559 3017 1751 3068 cotidie
1768 3018 2079 3068 mendicans

159 3108 251 3157 per
278 3091 461 3141 domos
489 3096 542 3141 et
569 3108 660 3157 per
686 3090 928 3141 civitates
956 3098 1114 3157 atque
1150 3090 1384 3152 castella,
1420 3090 1478 3139 in
1515 3089 2079 3142 Pavia-miserabiliter

160 3162 330 3212 obiits‘

240 3273 256 3298 ⁹
294 3269 367 3306 Vel
385 3268 565 3306 extinxit
583 3266 823 3308 interlined.
1158 3275 1172 3291 ⁷
1210 3268 1284 3306 Vel
1301 3268 1451 3306 scelere
1471 3266 1714 3306 interlined.

240 3328 252 3345 ⁸
282 3321 371 3361 'Phe
392 3322 525 3361 words
545 3322 654 3362 from
676 3323 852 3375 venefica
871 3324 916 3362 to
929 3323 1164 3374 perterrita
1184 3334 1254 3362 are
1274 3324 1318 3361 at
1337 3322 1410 3361 the
1431 3322 1518 3361 foot
1539 3322 1585 3360 of
1609 3321 1683 3361 the
1701 3333 1820 3373 page.

242 3378 254 3400 ἲ
282 3375 353 3415 An
378 3376 717 3416 interlineation:
748 3390 792 3416 so
822 3390 892 3417 are
919 3378 992 3417 the
1011 3377 1146 3417 words
1167 3378 1354 3429 nequiter
1373 3381 1425 3423 et,
1451 3377 1633 3428 nequius,
1661 3380 1701 3415 et
1726 3377 2078 3424 irrationabilius,

163 3428 208 3468 in
227 3430 300 3469 1116
320 3443 465 3470 course
485 3431 530 3471 of
544 3432 618 3471 the
637 3434 739 3472 next
761 3432 837 3471 few
856 3432 974 3472 111163.

247 3484 499 3524 “Boethius
518 3486 568 3525 de
589 3486 754 3527 Consol.
775 3486 1033 3538 Philosoph,
1062 3486 1132 3537 iv.,
1163 3486 1275 3528 27-9.

246 3543 263 3560 ¹¹
300 3540 374 3577 Vel
386 3553 520 3589 past-vo
541 3544 719 3592 tempore
737 3541 977 3582 interlined.
1311 3547 1333 3563 ¹¹³
1364 3540 1532 3590 Quoted
1551 3540 1704 3585 before,
1725 3553 1764 3590 p.
1786 3537 1851 3579 37.

246 3597 265 3614 ²
294 3591 356 3631 St.
377 3592 499 3633 Luke
519 3594 590 3634 xii.
612 3599 650 3635 2.
928 3604 948 3628 y
978 3601 1017 3635 et
1037 3611 1190 3648 anyore
1209 3595 1451 3636 interlined.

248 3646 383 3686 ²The
404 3648 560 3687 narriat
562 3661 611 3689 ve
631 3649 677 3689 of
692 3649 872 3690 Asseris
892 3650 1081 3691 followed
1101 3657 1144 3691 to
1164 3651 1249 3691 this
1268 3650 1412 3702 point3
1443 3651 1520 3689 but
1541 3649 1612 3689 1116
1632 3648 1725 3687 lano
1704 3659 1838 3699 ζ1113153
1859 3646 2023 3698 emplo)
2027 3647 2078 3687 cd
