2384 4126
286 394 390 443 116
899 410 1174 443 5ΥΜΕΟΝΙ5
1215 409 1605 442 DUNELMENsis

285 537 544 589 Dunelmi
572 554 749 588 eoram
776 554 974 604 magno
1002 542 1269 588 conventu
1295 536 1671 604 principalium
1690 535 1942 598 virorum,
1972 535 2063 603 qui
2090 542 2221 587 tunc

285 610 424 661 forte
451 616 668 677 propter
701 610 919 677 negotia
962 609 1206 677 quaedam
1246 609 1377 660 illuc
1417 609 1804 671 confluxerunt,
1842 608 2045 659 scilicet
2074 607 2219 658 Rod-

285 682 471 734 bertus
517 682 582 733 de
628 683 784 749 Brys,
837 682 1046 733 Alanus
1092 681 1157 733 de
1202 681 1439 744 Perceio,
1488 681 1756 732 Walterus
1810 681 2000 747 Espec,
2045 681 2222 730 Forno

287 755 429 805 filius
458 755 570 821 Sig’
579 753 609 805 J'
683 755 990 806 Rodbertus
1030 754 1094 805 de
1120 754 1368 829 VVituila,
1409 753 1658 804 Odardus
1684 753 1976 804 vicecomes
2017 752 2222 803 North-

286 827 675 895 ymbrensium,
704 845 824 878 cum
853 826 1148 894 majoribus
1176 812 1416 894 ejusdem
1454 826 1759 889 comitatus,
1804 825 1998 892 aliique
2035 843 2221 892 quam-

289 900 484 967 plures.
564 900 760 950 Coiam
805 900 998 950 horum
1043 898 1348 965 siequentia
1399 916 1522 949 cum
1568 916 1689 949 suas
1730 898 1982 949 monachi
2034 898 2222 965 depro-

289 979 499 1023 merent
551 972 811 1039 querelas,
865 989 1003 1034 ecce,
1054 970 1366 1021 Harnoldus
1412 971 1477 1021 de
1528 970 1766 1034 Perceio,
1814 970 1894 1021 vir
1935 988 2129 1037 genere
2172 977 2226 1021 et

293 1044 492 1095 divitiis
537 1050 717 1106 notus,
760 1050 814 1094 et
853 1043 911 1093 in
947 1043 1172 1094 veritate
1209 1043 1494 1094 asserenda
1534 1049 1803 1106 constans,
1847 1061 2126 1109 exurgens,
2169 1043 2227 1092 in

289 1116 661 1168 testimonium
683 1115 925 1167 veritatis
953 1114 1252 1165 affirmabat
1278 1132 1456 1165 coram
1475 1115 1742 1178 omnibus,
1772 1121 1825 1166 et
1853 1115 2062 1166 audisse
2091 1133 2145 1166 se
2174 1121 2227 1166 et

291 1189 485 1239 vidisse
514 1188 724 1239 comitis
759 1186 1136 1255 poenitentiam
1179 1204 1336 1253 super
1369 1187 1508 1238 hanc
1546 1187 1802 1254 injuriam
1837 1205 1998 1254 quam
2028 1188 2229 1238 Sancto

292 1261 595 1312 Cuthberto
621 1260 883 1311 violenter
909 1259 1255 1325 irrogaverat.
1323 1259 1481 1321 Cum,
1508 1259 1702 1326 inquit,
1736 1264 1922 1326 captus
1950 1260 2144 1310 Comes
2169 1260 2228 1309 in

291 1334 410 1384 1000
456 1351 612 1400 quem
663 1334 862 1383 Sancto
905 1331 1208 1383 Cuthberto
1255 1331 1568 1394 abstulerat,
1620 1337 1838 1398 propter
1881 1331 2085 1382 inflicta
2129 1332 2231 1382 sibi

290 1406 513 1456 vulnera
555 1406 613 1456 in
664 1405 862 1456 feretro
914 1404 1125 1455 delatus
1178 1410 1317 1455 esset
1367 1404 1722 1466 Dunelmum,
1767 1405 1976 1471 rogavit
2020 1410 2081 1454 ut
2127 1404 2231 1455 sibi

287 1478 476 1529 liceret
519 1479 586 1529 ad
631 1477 894 1529 orandum
936 1476 1211 1528 ecclesiam
1255 1476 1474 1528 intrare.
1554 1477 1714 1529 Quod
1756 1495 1878 1527 cum
1919 1476 2021 1527 sibi
2064 1496 2094 1527 a
2132 1477 2225 1527 ba-

292 1551 513 1602 ronibus
537 1568 644 1601 non
671 1550 1092 1618 permitteretur,
1114 1549 1172 1599 in
1193 1549 1441 1600 lacrimas
1467 1550 1752 1612 resolutus,
1782 1555 1835 1600 et
1857 1549 1923 1600 ad
1951 1549 2232 1600 ecclesiam

293 1624 584 1691 respiciens
624 1641 747 1674 cum
786 1623 1011 1689 gemitu,
1049 1622 1139 1673 ait.
1221 1622 1319 1673 “O
1362 1623 1559 1673 Sancte
1601 1622 1918 1684 Cuthberte,
1948 1623 2095 1689 juste
2135 1622 2232 1673 has

296 1701 329 1724 ‘⁶
349 1696 682 1747 calamitates
708 1696 900 1763 patior,
931 1695 1056 1762 quia
1080 1695 1138 1744 in
1165 1700 1218 1745 te
1247 1701 1300 1745 et
1326 1694 1383 1744 in
1409 1701 1532 1746 tuos
1560 1695 1787 1762 peccavi.
1870 1696 2004 1746 Haec
2031 1701 2112 1746 est
2138 1701 2234 1746 tua

296 1773 330 1796 “
351 1787 509 1835 super
535 1786 712 1819 meam
738 1768 862 1819 vitae
897 1767 1198 1834 nequitiam
1231 1767 1484 1817 vindicta.
1564 1768 1759 1818 Precor
1785 1774 1855 1830 te,
1886 1768 2082 1819 Sancte
2108 1767 2231 1830 Dei,

298 1846 331 1868 “
351 1841 600 1892 miserere
627 1840 791 1891 11101.υ
874 1840 976 1890 His
1006 1839 1221 1901 auditis,
1251 1857 1435 1890 omnes
1460 1839 1661 1908 injuste
1689 1846 1870 1890 actum
1906 1858 2019 1891 0550
2047 1846 2235 1890 contra

296 1914 722 1964 Dunehnensem
774 1912 1054 1963 ecclesiam
1104 1911 1387 1963 dicebant:
1454 1919 1507 1963 et
1558 1912 1685 1963 licet
1735 1930 1816 1963 res
1867 1912 1925 1962 in
1979 1912 2234 1979 praesenti

296 1986 492 2053 corrigi
518 1985 835 2052 nequiverit,
864 1991 1048 2036 tamen
1084 1984 1376 2052 prudenter
1400 1985 1539 2036 hanc
1574 1985 1901 2035 calumniam
1928 2002 2022 2052 pro
2048 1985 2233 2036 futuro

298 2066 538 2125 tempore
567 2076 746 2108 coram
773 2064 855 2108 tot
882 2057 1118 2108 virorum
1144 2057 1448 2124 frequentia
1473 2057 1672 2108 factam
1700 2057 2024 2108 asserebant.

410 2130 676 2198 Epistolas‘
703 2130 901 2181 Calixti
941 2147 1090 2197 papae
1136 2147 1294 2197 super
1337 2129 1652 2180 Turstinum
1697 2130 1901 2181 directa
1947 2129 2014 2180 ad
2051 2148 2235 2197 regem

302 2204 604 2254 Henricum
657 2210 710 2254 et
764 2202 1060 2253 Radulfum
1106 2201 1552 2253 Cantuariensem
1604 2202 2081 2269 archiepiscopum,
2132 2203 2235 2270 ipsi

301 2276 600 2344 episcopale
666 2282 826 2343 atque
891 2274 1218 2326 sacerdotale
1267 2274 1542 2326 interdicit
1593 2274 1844 2337 officium,
1910 2282 1964 2325 et
2014 2281 2127 2326 tam
2177 2275 2234 2325 in

300 2349 522 2399 matrice
551 2347 928 2398 Cantuariensi
955 2365 1117 2414 quam
1143 2347 1472 2398 Eboracensi
1508 2347 1744 2398 ecclesiis
1786 2365 1909 2397 cum
1946 2348 2056 2397 suis
2082 2366 2234 2415 paro-

302 2421 452 2483 chiis,
483 2421 601 2472 Dix
589 2439 680 2471 1110
706 2420 887 2471 omnia
913 2419 1086 2471 officia
1113 2419 1387 2483 celebrari,
1432 2438 1555 2471 cum
1591 2420 1866 2500 sepultura
1900 2427 2236 2471 moituoiuin

300 2513 381 2562 11111
366 2494 567 2557 ohibet,
613 2499 804 2561 praeter
828 2493 1096 2560 baptisma
1120 2461 1392 2543 infantum
1419 2501 1472 2544 et
1499 2492 1842 2560 poenitentias
1870 2492 2236 2555 morientium,

301 2566 406 2616 11151
432 2566 573 2616 infra
598 2584 767 2616 unum
798 2584 1036 2617 mensem
1070 2571 1191 2632 post
1228 2565 1592 2646 acceptionem
1620 2565 1785 2632 ipsius
1813 2565 2050 2632 epistolae
2076 2566 2185 2616 Tur
2189 2585 2236 2616 s-

302 2639 451 2689 tinus
479 2638 593 2690 51110
630 2638 906 2690 exactione
941 2637 1286 2706 professionis
1321 2638 1378 2688 in
1420 2656 1571 2689 suam
1607 2638 1926 2689 restituatur
1960 2638 2239 2689 ecclesiam

307 2712 488 2763 Quare
531 2730 561 2761 a
601 2729 728 2777 rege
769 2717 1049 2762 revocatus
1090 2710 1148 2760 in
1186 2710 1461 2776 Angliam,
1504 2728 1627 2761 mox
1668 2710 1723 2760 in
1767 2729 1923 2761 suum
1967 2710 2241 2762 reducitur

308 2783 840 2850 archiepiscopatum.

420 2856 541 2906 Hoc
568 2873 727 2917 anno,
755 2861 970 2922 peracto
996 2854 1246 2905 Paschali
1280 2854 1434 2917 festo,
1479 2854 1722 2905 Calixtus
1758 2874 1893 2922 papa
1919 2858 2041 2906 cum
2066 2855 2240 2906 multa

307 2946 470 2978 manu
512 2927 577 2978 ab
620 2927 768 2979 Urbe
808 2927 1078 2994 digressus
1118 2926 1329 2977 tamdiu
1369 2926 1649 2977 Sutrinam
1691 2927 1965 2978 civitatem
2009 2927 2238 2990 obsedit,

310 2999 479 3050 donec
507 3005 561 3050 et
600 2998 905 3050 Burdinum
941 3005 994 3050 et
1035 2998 1214 3050 locum
1247 2998 1424 3065 ipsum
1461 2998 1716 3065 cepisset:
1760 2999 1835 3050 sic
1862 2999 2088 3067 epistola
2114 3000 2238 3051 sub-

310 3072 424 3123 dita
449 3071 661 3139 planius
688 3071 892 3122 edocet.

425 3145 665 3195 Calioetus
692 3144 977 3210 episcopm,
1016 3161 1196 3195 servus
1220 3160 1487 3195 servorum
1513 3144 1632 3206 Dei,
1675 3144 1881 3195 dilectis
1893 3142 2166 3209 fratribus
2193 3151 2243 3197 et

296 3217 451 3282 filiz'S,
495 3217 918 3282 archiepiscopi-9,
964 3216 1235 3282 episcopie,
1277 3216 1569 3277 abbatibu-S‘,
1607 3217 1897 3282 prioribuS,
1945 3222 1994 3268 et
2041 3218 2242 3268 coeteris

311 3295 418 3340 tam
455 3289 660 3340 clericis
696 3307 852 3355 quani
887 3289 1039 3339 laicis
1066 3288 1205 3339 beati
1232 3288 1386 3339 Petri
1414 3287 1664 3353 fidelibus
1683 3307 1783 3355 per
1815 3290 2020 3340 Gallias
2048 3291 2239 3341 eonsti-

310 3362 455 3427 tutiS,
496 3362 718 3412 salutem
756 3366 807 3412 et
850 3361 1205 3426 Apostolieam
1245 3360 1665 3411 benedictionem.
1756 3362 1889 3420 Quia
1930 3363 2245 3429 derelinquit

299 3435 530 3501 populus
556 3434 769 3484 Domini
797 3434 956 3500 leyem
983 3432 1118 3499 Ejus
1144 3438 1195 3483 et
1219 3433 1275 3482 in
1286 3433 1515 3500 judiciis
1541 3434 1678 3500 Ejus
1713 3451 1815 3485 non
1842 3435 2090 3497 ambulat,
2117 3434 2241 3484 visi—

309 3513 391 3557 tat
412 3507 668 3557 Dominus
694 3506 751 3556 in
777 3505 927 3572 virga
951 3504 1263 3572 iniquitates
1293 3522 1496 3567 eorum,
1525 3517 1578 3556 et
1603 3505 1661 3555 in
1686 3506 1997 3557 verberibus
2024 3512 2244 3573 peccata

388 3628 405 3659 ἱ
435 3626 538 3667 This
572 3626 725 3666 should
755 3627 806 3666 be
840 3625 953 3677 Lig’,
984 3625 1067 3665 and
1099 3627 1175 3665 not
1210 3625 1319 3677 Sig'.
1377 3626 1532 3676 Forno,
1563 3627 1636 3667 the
1671 3641 1746 3667 son
1778 3627 1825 3667 of
1849 3627 2012 3680 Ligulf,
2040 3627 2167 3678 Liolf,
2198 3641 2246 3668 or

307 3682 454 3735 Lyulf,
485 3695 566 3722 was
585 3682 659 3722 the
680 3684 854 3734 grantee
875 3681 921 3721 of
946 3681 1020 3722 the
1039 3681 1201 3733 barony
1222 3681 1267 3721 of
1293 3681 1505 3732 Greystok
1525 3681 1571 3721 in
1592 3682 1891 3724 Cumberland.

394 3737 410 3761 k
442 3737 545 3777 This
564 3738 689 3777 letter
708 3737 743 3777 is
762 3737 807 3776 in
828 3736 901 3777 the
922 3735 1016 3776 Life
1037 3736 1082 3775 of
1108 3736 1324 3777 Thurstan
1344 3737 1401 3788 by
1422 3736 1560 3787 Hugh
1580 3738 1653 3778 the
1675 3737 1878 3779 Chantor.
