2384 4126
260 389 330 438 60
878 404 1152 438 sYMEONIs
1193 404 1585 437 DUNELMENSIS

261 537 524 582 venerunt
551 537 742 599 sponte
774 530 841 582 ad
870 531 1011 598 regis
1046 530 1405 598 praesentiam,
1445 534 1634 596 sponte
1661 545 1714 578 se
1741 545 1837 578 suo
1862 526 2079 578 domino
2106 525 2189 576 in-

263 603 543 654 clinantes.
622 605 747 672 Ipse
782 610 980 666 autem,
1021 609 1083 653 ut
1115 609 1228 654 erat
1264 601 1694 653 clementissimae
1725 599 1940 661 mentis,
1983 598 2190 650 cunctis

261 675 488 727 indulsit
514 676 877 744 patrocinium
903 693 1012 727 suae
1037 674 1429 742 benignitatis.²’

1041 850 1416 884 DCCCLXXXVII.

374 939 537 989 Anno
558 938 860 990 Dominicae
885 937 1272 989 incarnationis
1296 937 1671 1005 Dccc.lxxxvij,
1693 936 1989 987 nativitatis
2013 941 2194 986 autem

267 1010 474 1064 Elfredi
511 1010 686 1062 incliti
718 1010 856 1077 regis
882 1010 1058 1077 xxxvj,
1099 1010 1435 1076 supradictus
1474 1010 1736 1060 exercitus
1766 1007 2032 1060 Parisium
2067 1007 2193 1058 civi-

266 1089 436 1133 tatem
472 1083 780 1149 relinquens
818 1081 966 1132 venit
1005 1082 1071 1132 ad
1114 1082 1325 1148 Sigene,
1376 1082 1568 1132 deinde
1610 1082 1675 1132 ad
1715 1081 1915 1131 ostium
1958 1079 2194 1130 fluminis

268 1155 413 1222 quod.
437 1154 676 1205 Materre
700 1153 1031 1216 nominatur,
1065 1153 1257 1204 exhinc
1284 1153 1350 1203 ad
1375 1153 1556 1203 locum
1583 1153 1673 1219 qui
1702 1153 2045 1215 Cazendest,w
2071 1151 2197 1201 villa

266 1226 429 1293 regia,
475 1231 862 1293 pervenerunt:
915 1225 975 1274 in
1026 1242 1131 1292 quo
1181 1225 1301 1275 loco
1352 1225 1514 1275 etiam
1563 1225 1935 1275 hiemaverunt
1984 1224 2195 1289 integro

269 1316 428 1349 anno.
524 1298 792 1364 Sequente
826 1314 950 1347 vero
989 1314 1130 1347 anno
1168 1296 1227 1346 in
1265 1297 1404 1347 ostio
1443 1296 1680 1346 fluminis
1718 1297 1860 1363 quod
1900 1296 2199 1363 appellatur

272 1371 306 1420 J
311 1388 414 1421 ona
453 1369 809 1432 intraverunt,
854 1386 964 1419 non
1009 1369 1122 1419 sine
1166 1387 1364 1435 magno
1408 1369 1641 1435 regionis
1695 1368 1945 1435 dampno,
1992 1373 2045 1418 et
2087 1367 2198 1417 illic

269 1442 466 1493 morati
507 1448 634 1492 sunt
674 1459 784 1492 uno
830 1458 989 1492 anno.
1082 1441 1210 1508 Ipso
1254 1441 1484 1508 denique
1527 1446 1766 1508 tempore
1811 1439 2062 1491 Elfredus
2107 1456 2200 1490 rex

273 1515 564 1577 Saxonum,
586 1513 785 1565 Divino
805 1513 1096 1564 instinctus
1118 1531 1357 1576 munere,
1378 1513 1553 1580 legere
1580 1520 1633 1563 et
1657 1512 2000 1579 interpretari
2027 1529 2200 1562 sacros

272 1586 446 1654 apices
484 1586 678 1654 potuit.
756 1587 890 1637 Erat
927 1585 1108 1653 itaque
1142 1585 1328 1636 multis
1356 1584 1796 1636 tribulationibus
1824 1585 1983 1652 hujus
2011 1583 2202 1633 mundi

273 1659 520 1722 afflictus,
567 1658 808 1725 quamvis
848 1658 907 1708 in
946 1658 1094 1724 regia
1133 1657 1271 1709 foret
1311 1664 1577 1724 potestate
1622 1657 1964 1708 constitutus.
2053 1656 2201 1706 Nam

272 1730 437 1782 etiam
470 1731 535 1781 de
575 1731 606 1780 J
612 1730 897 1781 erosolima
935 1729 1000 1781 ab
1035 1729 1201 1797 El(ia)
1235 1729 1541 1797 patriarcha
1574 1729 1825 1796 epistolas
1862 1735 1914 1779 et
1951 1728 2091 1778 dona
2120 1727 2201 1777 illi

272 1802 482 1854 diversa
507 1802 708 1853 directa
732 1802 963 1852 vidimus
992 1808 1045 1853 et
1070 1802 1316 1868 legimus.
1399 1801 1647 1854 Qualiter
1673 1801 1917 1851 dilatavit
1942 1800 2092 1866 regni
2120 1799 2203 1849 sui

269 1874 512 1942 imperia,
541 1880 594 1925 et
619 1874 894 1925 renovavit
913 1874 1130 1925 urbium
1150 1873 1365 1937 moenia,
1389 1880 1548 1940 atque
1576 1873 1854 1924 civitatum
1873 1872 2202 1922 munitiones

271 1947 542 1998 roboravit
569 1965 688 2014 quae
714 1952 867 1997 erant
893 1946 1102 2009 dirutae,
1140 1952 1193 1997 et
1220 1964 1338 2013 quae
1363 1963 1474 1995 non
1501 1951 1653 1996 erant
1679 1945 1823 2008 fecit,
1853 1945 1971 2011 quis
1998 1944 2205 1994 urbana

271 2019 522 2070 facundia
565 2019 818 2069 suffultus
863 2018 1032 2085 possit
1070 2018 1226 2069 labiis
1273 2017 1617 2069 exultationis
1663 2018 1906 2068 edicere?
2005 2018 2204 2067 Sancta

273 2109 484 2159 quoque
513 2091 633 2142 loca
670 2091 901 2158 qualiter
931 2090 1121 2141 ditavit
1152 2090 1479 2141 ornamentis
1516 2096 1569 2140 et
1602 2089 1869 2156 regalibus
1903 2088 2055 2139 donis
2085 2088 2202 2154 quis

273 2164 563 2215 enunciet?
641 2162 991 2215 Perturbatus
1028 2168 1142 2213 erat
1175 2162 1484 2229 frequenter
1520 2161 1697 2212 animo
1725 2167 1913 2212 contra
1937 2160 2202 2228 principes

273 2242 327 2287 et
365 2235 836 2303 pentecomarchos
880 2240 932 2285 et
971 2252 1130 2285 omne
1169 2252 1337 2300 genus
1382 2251 1770 2301 perversorum,
1810 2234 2064 2300 quoniam
2103 2232 2205 2299 ipsi

270 2307 562 2360 noluerunt
611 2325 735 2358 eum
786 2307 936 2373 sequi
974 2306 1032 2357 in
1078 2306 1267 2357 studiis
1311 2306 1501 2373 quibus
1545 2306 1658 2372 ipse
1696 2306 2005 2356 desudabat.
2101 2304 2206 2355 Sed

271 2386 455 2431 tamen
474 2380 564 2431 ille
585 2380 748 2443 solus,
768 2379 968 2430 Divino
988 2378 1241 2430 suffultus
1271 2378 1634 2441 amminiculo,
1651 2378 1804 2445 regni
1824 2377 2204 2444 gubernacula,

270 2453 417 2503 velut
455 2452 753 2519 praecipuus
791 2451 1118 2518 gubernator
1160 2451 1342 2501 navim
1385 2469 1554 2513 suam,
1601 2450 1703 2501 hoc
1748 2455 1845 2512 est,
1887 2450 2053 2500 vitam
2095 2467 2205 2499 suae

272 2524 519 2591 gloriosae
555 2524 753 2575 mentis
785 2524 852 2574 ad
889 2530 1106 2591 portum
1139 2523 1348 2590 pacifici
1383 2523 1614 2590 paradisi
1649 2522 1857 2572 studuit
1895 2521 2201 2573 transferre.

277 2596 493 2648 Solebat
518 2596 788 2664 frequenti
812 2596 1071 2647 memoria
1095 2596 1197 2647 hoc
1223 2595 1455 2646 retinere
1483 2594 1626 2663 quod
1653 2594 1881 2657 canitur,

902 2703 928 2721 “
942 2701 1146 2754 Quisquis
1165 2701 1278 2742 volet
1296 2713 1528 2753 perennem

940 2756 1106 2797 Cautus
1125 2769 1281 2807 ponere
1302 2757 1457 2806 sedem,

941 2811 1197 2863 Stabilisque
1216 2823 1294 2851 nec
1314 2811 1456 2851 sonori

940 2865 1085 2907 Sterni
1104 2865 1275 2906 flatibus
1293 2865 1465 2907 Euri,'’³

383 2958 457 3008 Et
482 2956 625 3008 infra
645 2978 732 3008 :—

904 3049 930 3068 “
944 3047 1084 3098 Quam
1110 3047 1214 3099 [vis]
1240 3049 1359 3088 tenet
1378 3047 1530 3098 ruinis,

948 3101 1118 3154 [Hujus
1138 3102 1280 3143 saeculi
1301 3104 1457 3153 status]

940 3158 1128 3198 Miscens
1148 3170 1318 3210 aequora
1335 3160 1489 3198 ventus
1504 3174 1514 3208 3

942 3213 1010 3253 'Pu
1029 3212 1227 3253 conditus
1247 3213 1396 3265 quieti,

939 3267 1063 3308 Felix
1081 3269 1230 3308 robore
1251 3268 1363 3318 valli,

940 3322 1083 3363 Duces
1103 3336 1275 3363 serenus
1295 3336 1448 3373 aevum,

941 3377 1105 3418 Ridens
1125 3378 1293 3419 aetheris
1313 3378 1440 3419 iras.''

276 3471 411 3522 Haec
447 3468 714 3538 spirituali
753 3467 1006 3535 indagine
1041 3486 1223 3519 secum
1260 3487 1354 3519 rex
1391 3468 1646 3536 piissimae
1680 3468 1876 3519 mentis
1915 3468 2207 3531 revolvenS,

358 3606 375 3623 ⁰
404 3597 545 3638 Asser.
880 3602 903 3619 ¹⁰
934 3595 1087 3646 Caziei,
1117 3597 1259 3637 Asser.
1319 3595 1477 3648 Chezy.

359 3660 379 3677 ¹
407 3652 629 3702 Boethius,
649 3651 708 3702 ii.,
732 3654 863 3701 1—43
888 3650 940 3693 17
945 3654 1030 3691 -21,
1080 3651 1171 3691 The
1189 3650 1289 3700 line,
1307 3649 1489 3703 “Hujus
1509 3649 1651 3692 saeculi
1672 3650 1850 3700 status,”
1870 3651 1968 3691 does
1988 3652 2064 3691 not
2084 3664 2212 3692 occur

276 3709 324 3749 in
344 3708 417 3749 the
437 3708 598 3749 edition
619 3707 665 3748 of
688 3706 896 3748 Boethius
915 3705 1142 3758 published.
1162 3706 1207 3746 in
1228 3708 1350 3747 1680.
