2384 4126
793 397 1059 431 msromAE
1099 397 1485 433 οοΝΤΙΝυΑΤΙο.
1997 388 2100 437 103

185 524 459 591 episcopus
508 522 725 574 recessit
775 542 806 574 a
857 523 1212 587 Rovecestria,
1266 530 1320 575 et
1370 524 1605 575 intrabat
1655 530 1890 576 castrum
1939 526 2089 578 illud.

184 597 359 648 Quem
396 613 488 646 rex
526 600 756 658 secutus,
796 594 1074 646 obsidebat
1117 601 1352 646 castrum
1391 614 1485 663 per
1525 614 1616 647 sex
1652 597 1890 663 integras
1934 599 2092 664 septi·
2152 634 2161 644 .

178 685 362 718 manas
391 685 510 718 cum
541 684 735 733 magno
761 667 1012 718 exercitU.
1089 668 1236 718 Dum
1276 667 1391 719 haec
1430 669 1569 718 fiunt
1601 668 1660 718 in
1688 669 1903 735 Anglia,
1948 670 2091 720 Rod-

181 739 362 790 bertus
409 756 584 789 comes
634 739 985 790 Normanniae
1035 746 1325 806 congregat
1374 758 1632 806 magnum
1682 740 1990 803 exercitum,
2038 747 2091 792 et

178 817 330 877 parat
356 829 478 861 eum
503 810 561 860 in
585 810 841 877 Angliam
866 810 1098 874 mittere,
1137 829 1262 862 mox
1288 818 1584 875 secuturus,
1624 812 1775 879 quasi
1801 812 1866 863 de
1891 812 2093 879 Anglia

178 900 272 949 per
312 882 556 933 Odonem
589 882 895 949 episcopum
926 889 980 933 et
1016 889 1234 934 caeteros
1270 883 1360 950 qui
1401 901 1465 934 ex
1506 902 1600 934 sua
1636 890 1787 951 parte
1824 883 1901 935 ibi
1939 891 2090 935 erant

180 971 409 1004 securus.
489 954 594 1006 Sed
632 972 724 1005 rex
749 954 1054 1005 Willelmus
1091 955 1205 1022 jam
1245 973 1391 1007 mare
1431 956 1700 1007 munierat
1741 955 1849 1006 suis
1885 955 2088 1023 piratis,

180 1025 272 1092 qui
297 1026 568 1077 venientes
595 1026 653 1076 in
678 1026 932 1093 Angliam
968 1033 1050 1077 tot
1084 1027 1394 1078 occiderunt
1428 1034 1481 1078 et
1507 1028 1565 1077 in
1598 1045 1745 1078 mare
1770 1034 2089 1091 merserunt,

183 1103 244 1147 ut
281 1097 461 1149 nullus
504 1098 573 1148 sit
613 1098 894 1148 hominum
936 1099 1026 1165 qui
1066 1099 1200 1149 sciat
1238 1117 1524 1151 numerum
1560 1100 1917 1167 pereuntium.
1995 1100 2089 1151 In-

182 1170 355 1233 terim,
392 1170 521 1220 dum
558 1170 672 1221 haec
703 1170 840 1220 fiunt
877 1170 934 1220 in
972 1189 1135 1233 mare,
1175 1171 1294 1222 Odo
1329 1172 1605 1239 episcopus
1644 1178 1697 1223 et
1736 1172 1827 1239 qui
1866 1189 1990 1222 cum
2029 1190 2091 1223 eo

181 1248 350 1305 erant,
377 1242 517 1293 fame
544 1242 729 1304 coacti,
757 1242 1038 1293 reddentes
1065 1249 1299 1294 castrum
1319 1244 1384 1294 de
1410 1244 1711 1295 Pevenesea
1729 1244 2092 1311 promiserunt

184 1331 306 1364 cum
342 1314 690 1381 jurejurando
726 1331 781 1364 se
807 1314 1062 1380 Angliam
1103 1315 1355 1378 exituros,
1395 1333 1493 1367 nec
1535 1316 1763 1383 amplius
1800 1316 2093 1367 intraturos

176 1385 283 1436 nisi
307 1404 431 1452 rege
457 1386 731 1437 Willelmo
757 1386 1114 1452 praecipiente,
1157 1393 1394 1437 castrum
1429 1405 1638 1454 quoque
1676 1388 1941 1439 Hrofense
1968 1394 2092 1439 ante

179 1457 495 1509 reddituros.
593 1457 698 1508 Sed
749 1475 872 1508 cum
919 1458 1151 1509 venisset
1203 1459 1562 1510 Hrouecestre
1613 1477 1735 1510 cum
1784 1460 2094 1511 hominibus

180 1530 339 1595 regis,
380 1529 471 1596 qui
497 1547 558 1581 ex
586 1536 734 1596 parte
759 1529 899 1596 regis
926 1530 1181 1581 deberent
1208 1537 1442 1581 castrum
1467 1531 1718 1598 recipere,
1758 1532 1941 1582 statim
1969 1550 2090 1583 cum

184 1601 382 1652 eisdem
412 1601 476 1652 ab
504 1601 586 1652 his
614 1601 705 1668 qui
729 1601 787 1651 in
814 1602 1031 1652 castello
1053 1608 1205 1653 erant
1230 1603 1447 1669 ponitur
1472 1603 1529 1652 in
1548 1603 1791 1654 vinculis,
1858 1603 2093 1655 Quidam

183 1673 489 1724 asserebant
528 1673 629 1723 hoc
663 1673 865 1723 factum
907 1691 1020 1724 esse
1061 1674 1352 1725 calliditate
1394 1674 1641 1741 episcopi.
1720 1675 1788 1725 In
1814 1675 1915 1725 hoc
1951 1682 2095 1726 certe

184 1750 358 1795 castro
385 1750 536 1795 erant
563 1744 767 1795 strenui
793 1744 1006 1807 milites,
1049 1752 1102 1795 et
1137 1763 1270 1812 pene
1304 1752 1420 1796 tota
1445 1746 1698 1797 nobilitas
1725 1747 2093 1798 Normanniae.

183 1817 316 1867 Erat
341 1816 417 1866 ibi
441 1816 762 1867 Eustachius
784 1816 1014 1884 juveniS,
1043 1817 1379 1876 Boloniensis
1408 1835 1602 1879 comes,
1631 1824 1684 1869 et
1710 1818 1871 1869 multi
1890 1819 2095 1870 nobiles

183 1888 552 1939 FlandrenseS.
649 1888 753 1938 His
796 1888 977 1954 itaque
1016 1907 1047 1938 a
1085 1906 1209 1956 rege
1254 1890 1467 1953 auditis,
1513 1889 1659 1941 venit
1698 1907 1821 1940 cum
1860 1891 2099 1942 exercitu

184 1960 619 2022 Hrouecestram,
641 1966 694 2010 et
720 1959 926 2011 obsedit
953 1960 1253 2023 civitatem,
1296 1967 1366 2025 et,
1393 1979 1555 2029 parvo
1581 1969 1796 2028 peracto
1823 1963 2010 2029 spatio,
2038 1962 2097 2013 hi

184 2032 275 2099 qui
294 2032 439 2083 intus
466 2032 684 2083 fuerunt
710 2050 765 2082 se
790 2032 1154 2094 reddiderunt,
1184 2039 1237 2084 et
1264 2052 1386 2084 cum
1414 2034 1667 2084 dedecore
1695 2035 1852 2102 ejecti
1878 2041 2003 2085 sunt
2029 2035 2095 2086 de

182 2104 398 2171 Anglia,
441 2110 493 2155 et
537 2104 613 2154 ita
654 2103 949 2171 episcopus,
992 2105 1084 2171 qui
1127 2105 1237 2157 fere
1280 2106 1384 2156 fuit
1425 2106 1687 2157 secundus
1731 2125 1824 2158 rex
1864 2107 2095 2173 Angliae,

181 2176 440 2228 honorem
482 2176 659 2227 amisit
697 2176 1195 2242 irrecuperabiliter.
1275 2178 1381 2229 Sed
1407 2178 1684 2245 episcopus
1709 2178 1925 2229 veniens
1951 2179 2092 2229 Nor-

181 2249 455 2299 manniam
500 2248 681 2298 statim
728 2266 757 2298 a
801 2248 1075 2299 Rodberto
1120 2249 1316 2300 comite
1365 2250 1532 2300 totius
1576 2250 1862 2316 provinciae
1914 2268 2096 2301 curam

181 2320 429 2387 suscepit.
496 2321 661 2387 Cujus
687 2319 928 2370 ordinem
956 2337 1126 2371 causae
1145 2321 1358 2371 libellus
1384 2322 1441 2371 in
1466 2321 1566 2371 hoc
1592 2322 1888 2389 descriptus
1916 2328 2096 2389 aperte

179 2392 429 2443 ostendit.
507 2392 689 2442 Etiam
715 2391 1134 2442 Dunholmensis
1163 2392 1456 2460 episcopus,
1484 2393 1807 2456 VVillelmus,
1835 2393 1924 2461 viij
1956 2412 2095 2445 anno

183 2464 266 2514 sui
293 2464 640 2531 episcopatus,
669 2469 723 2514 et
747 2463 907 2513 multi
933 2463 1040 2526 alii,
1068 2464 1133 2515 de
1160 2464 1360 2532 Anglia
1386 2464 1646 2516 exierunt.

1063 2633 1215 2666 MXCI.

294 2738 328 2761 “
345 2734 505 2784 Anno
528 2732 933 2798 M.xcj—-mense
955 2729 1124 2792 Maio,
1145 2748 1236 2781 rex
1259 2731 1568 2782 Scottorum
1589 2732 1950 2784 Malcholmus
1979 2752 2101 2785 cum

185 2811 436 2872 “magno
478 2804 713 2856 exercitu
753 2802 1199 2870 Northymbriam
1240 2802 1451 2866 invasit,
1493 2804 1537 2854 si
1575 2821 1848 2855 successus
1889 2824 2095 2857 succes-

183 2878 391 2929 “sisset
429 2876 650 2927 ulterius
689 2892 1045 2942 processurus,
1092 2880 1145 2925 et
1185 2874 1294 2924 Vim
1338 2875 1551 2942 Angliae
1594 2876 1784 2927 incolis
1829 2877 2094 2928 illaturus.

183 2949 431 3000 “Noluit
475 2949 642 3011 Deus,
688 2953 740 2998 et
784 2947 902 2997 ideo
955 2946 1020 2997 ab
1070 2946 1282 3013 incepto
1334 2953 1414 2998 est
1458 2947 1762 3015 impeditus.
1841 2949 1964 3001 Quo
2008 2968 2100 3000 rex

184 3026 219 3050 “
238 3021 435 3084 audito,
500 3038 623 3071 cum
673 3019 837 3070 fratre
897 3036 993 3069 suo
1053 3018 1327 3069 Rodberto
1376 3019 1535 3069 rediit
1597 3020 1853 3087 Angliam
1914 3040 2099 3073 mense

182 3093 472 3160 “Augusti.
548 3092 668 3143 Nec
694 3091 865 3141 multo
892 3096 1011 3158 post
1038 3108 1160 3140 cum
1188 3090 1354 3141 classe
1380 3109 1491 3141 non
1525 3092 1737 3142 modica
1777 3098 1831 3143 et
1866 3094 2099 3160 equestri

183 3165 471 3216 “exercitu
511 3163 773 3214 Scottiam
811 3162 1079 3230 profectus
1121 3167 1216 3224 est,
1259 3168 1320 3212 ut
1358 3163 1714 3214 Malcolmum
1749 3164 2097 3216 debellaret.''

180 3237 417 3288 Veniens
450 3236 800 3297 Dunelmum,
843 3234 1149 3301 episcopum
1174 3234 1511 3285 Willelmum
1546 3236 1784 3286 restituit
1825 3237 1882 3286 in
1917 3237 2097 3288 sedem

184 3327 352 3370 suam,
379 3308 492 3375 ipso
518 3313 637 3374 post
664 3324 830 3357 annos
865 3312 974 3357 tres
1001 3306 1086 3356 die
1121 3323 1226 3372 quo
1268 3324 1386 3357 eam
1426 3307 1660 3374 reliquit,
1699 3307 1902 3360 scilicet
1937 3309 2097 3359 tertio

182 3380 300 3430 idus
331 3379 670 3446 Septembris

1048 3508 1249 3541 MXCIII.

291 3597 451 3647 Anno
487 3596 691 3664 M.xciij.
767 3595 1009 3647 Ecclesia
1057 3612 1196 3646 nova
1245 3596 1505 3647 Dunelmi
1555 3602 1636 3647 est
1684 3596 1896 3663 incepta
1935 3597 2097 3648 tertio

183 3669 301 3719 idus
347 3667 580 3734 Augusti
628 3667 761 3718 feria
811 3667 1015 3733 quinta,
1062 3667 1305 3734 episcopo
1346 3668 1622 3718 Willelmo
1668 3674 1721 3718 et
1765 3668 2097 3719 Malcholmo
