<?xml version="1.0" encoding="UTF-8"?>
<!DOCTYPE html PUBLIC "-//W3C//DTD XHTML 1.0 Transitional//EN"
    "http://www.w3.org/TR/xhtml1/DTD/xhtml1-transitional.dtd">
<html xmlns="http://www.w3.org/1999/xhtml" xml:lang="en" lang="en">
 <head>
  <title>
</title>
<meta http-equiv="Content-Type" content="text/html;charset=utf-8" />
  <meta name='ocr-system' content='tesseract 3.04.00' />
  <meta name='ocr-capabilities' content='ocr_page ocr_carea ocr_par ocr_line ocrx_word'/>
</head>
<body>
  <div class='ocr_page' id='page_1' title='image "./operacollect00simerich_0112.png"; bbox 0 0 2384 4126; ppageno 0'>
   <div class='ocr_carea' id='block_1_1' title="bbox 288 397 1613 446">
    <p class='ocr_par' dir='ltr' id='par_1_1' title="bbox 288 397 1613 446">
     <span class='ocr_line' id='line_1_1' title="bbox 288 397 1613 446; baseline -0.005 0"><span class='ocrx_word' id='word_1_1' title='bbox 288 397 357 446; x_wconf 77' lang='lat'>22</span> <span class='ocrx_word' id='word_1_2' title='bbox 906 408 1179 442; x_wconf 70' lang='lat' dir='ltr'>SYMEoNrs</span> <span class='ocrx_word' id='word_1_3' title='bbox 1220 406 1613 441; x_wconf 74' lang='lat' dir='ltr'>DUNELMENsIs</span> 
     </span>
    </p>
   </div>
   <div class='ocr_carea' id='block_1_2' title="bbox 287 530 2218 966">
    <p class='ocr_par' dir='ltr' id='par_1_2' title="bbox 287 530 2218 966">
     <span class='ocr_line' id='line_1_2' title="bbox 287 530 2216 606; baseline -0.004 -17"><span class='ocrx_word' id='word_1_4' title='bbox 287 538 602 606; x_wconf 89' lang='lat' dir='ltr'>impleretur</span> <span class='ocrx_word' id='word_1_5' title='bbox 628 535 770 604; x_wconf 85' lang='lat' dir='ltr'>quod</span> <span class='ocrx_word' id='word_1_6' title='bbox 796 536 1054 603; x_wconf 90' lang='lat' dir='ltr'>scriptum</span> <span class='ocrx_word' id='word_1_7' title='bbox 1082 540 1178 598; x_wconf 86' lang='lat' dir='ltr'>est,</span> <span class='ocrx_word' id='word_1_8' title='bbox 1219 535 1348 586; x_wconf 72' lang='lat' dir='ltr'>Erit</span> <span class='ocrx_word' id='word_1_9' title='bbox 1383 539 1536 586; x_wconf 75' lang='lat' dir='ltr'>terroe</span> <span class='ocrx_word' id='word_1_10' title='bbox 1561 538 1769 584; x_wconf 63' lang='lat' dir='ltr'>motuss</span> <span class='ocrx_word' id='word_1_11' title='bbox 1842 530 2048 583; x_wconf 85' lang='lat' dir='ltr'>Eodem</span> <span class='ocrx_word' id='word_1_12' title='bbox 2075 548 2216 583; x_wconf 88' lang='lat' dir='ltr'>anno</span> 
     </span>
     <span class='ocr_line' id='line_1_3' title="bbox 290 603 2217 677; baseline -0.004 -16"><span class='ocrx_word' id='word_1_13' title='bbox 290 610 539 662; x_wconf 84' lang='lat' dir='ltr'>Frehelm</span> <span class='ocrx_word' id='word_1_14' title='bbox 565 609 843 677; x_wconf 76' lang='lat' dir='ltr'><strong>presbyter</strong></span> <span class='ocrx_word' id='word_1_15' title='bbox 869 616 922 660; x_wconf 92' lang='lat' dir='ltr'>et</span> <span class='ocrx_word' id='word_1_16' title='bbox 949 608 1113 659; x_wconf 89' lang='lat' dir='ltr'>abbas</span> <span class='ocrx_word' id='word_1_17' title='bbox 1139 607 1289 669; x_wconf 91' lang='lat' dir='ltr'>obiit,</span> <span class='ocrx_word' id='word_1_18' title='bbox 1310 612 1362 658; x_wconf 90' lang='lat' dir='ltr'>et</span> <span class='ocrx_word' id='word_1_19' title='bbox 1389 607 1664 673; x_wconf 90' lang='lat' dir='ltr'>episcopus</span> <span class='ocrx_word' id='word_1_20' title='bbox 1681 604 2012 655; x_wconf 89' lang='lat' dir='ltr'>Merciorum</span> <span class='ocrx_word' id='word_1_21' title='bbox 2040 603 2217 671; x_wconf 84' lang='lat' dir='ltr'>gentis</span> 
     </span>
     <span class='ocr_line' id='line_1_4' title="bbox 288 676 2217 744; baseline -0.004 -11"><span class='ocrx_word' id='word_1_22' title='bbox 288 682 507 733; x_wconf 89' lang='lat' dir='ltr'>nomine</span> <span class='ocrx_word' id='word_1_23' title='bbox 533 683 695 732; x_wconf 84' lang='lat' dir='ltr'>Totta</span> <span class='ocrx_word' id='word_1_24' title='bbox 720 680 1005 732; x_wconf 88' lang='lat' dir='ltr'>defunctus</span> <span class='ocrx_word' id='word_1_25' title='bbox 1033 685 1129 731; x_wconf 89' lang='lat' dir='ltr'>est.</span> <span class='ocrx_word' id='word_1_26' title='bbox 1208 681 1279 730; x_wconf 88' lang='lat' dir='ltr'>Et</span> <span class='ocrx_word' id='word_1_27' title='bbox 1310 677 1587 729; x_wconf 86' lang='lat' dir='ltr'>Eadberht</span> <span class='ocrx_word' id='word_1_28' title='bbox 1617 694 1713 744; x_wconf 92' lang='lat' dir='ltr'>pro</span> <span class='ocrx_word' id='word_1_29' title='bbox 1744 694 1806 727; x_wconf 94' lang='lat' dir='ltr'>eo</span> <span class='ocrx_word' id='word_1_30' title='bbox 1832 676 2109 727; x_wconf 86' lang='lat' dir='ltr'>ordinatus</span> <span class='ocrx_word' id='word_1_31' title='bbox 2136 680 2217 726; x_wconf 93' lang='lat' dir='ltr'>est</span> 
     </span>
     <span class='ocr_line' id='line_1_5' title="bbox 291 748 2216 822; baseline -0.004 -17"><span class='ocrx_word' id='word_1_32' title='bbox 291 754 584 822; x_wconf 91' lang='lat' dir='ltr'>episcopus.</span> <span class='ocrx_word' id='word_1_33' title='bbox 678 753 782 803; x_wconf 91' lang='lat' dir='ltr'>His</span> <span class='ocrx_word' id='word_1_34' title='bbox 818 770 1027 820; x_wconf 90' lang='lat' dir='ltr'>quoque</span> <span class='ocrx_word' id='word_1_35' title='bbox 1063 750 1396 818; x_wconf 77' lang='lat' dir='ltr'>temporibus</span> <span class='ocrx_word' id='word_1_36' title='bbox 1431 749 1724 801; x_wconf 84' lang='lat' dir='ltr'>Frithwald</span> <span class='ocrx_word' id='word_1_37' title='bbox 1759 748 2034 816; x_wconf 89' lang='lat' dir='ltr'>episcopus</span> <span class='ocrx_word' id='word_1_38' title='bbox 2075 748 2216 798; x_wconf 89' lang='lat' dir='ltr'>Can-</span> 
     </span>
     <span class='ocr_line' id='line_1_6' title="bbox 292 820 2218 891; baseline -0.004 -14"><span class='ocrx_word' id='word_1_39' title='bbox 292 826 594 877; x_wconf 82' lang='lat' dir='ltr'>didae-casae</span> <span class='ocrx_word' id='word_1_40' title='bbox 636 843 700 876; x_wconf 91' lang='lat' dir='ltr'>ex</span> <span class='ocrx_word' id='word_1_41' title='bbox 741 825 843 875; x_wconf 91' lang='lat' dir='ltr'>hoc</span> <span class='ocrx_word' id='word_1_42' title='bbox 883 824 1077 876; x_wconf 79' lang='lat' dir='ltr'>saeculo</span> <span class='ocrx_word' id='word_1_43' title='bbox 1120 823 1389 891; x_wconf 82' lang='lat' dir='ltr'>migravit,</span> <span class='ocrx_word' id='word_1_44' title='bbox 1428 841 1523 890; x_wconf 91' lang='lat' dir='ltr'>pro</span> <span class='ocrx_word' id='word_1_45' title='bbox 1562 838 1666 889; x_wconf 91' lang='lat' dir='ltr'>quo</span> <span class='ocrx_word' id='word_1_46' title='bbox 1703 820 1972 872; x_wconf 85' lang='lat' dir='ltr'>Pectwine</span> <span class='ocrx_word' id='word_1_47' title='bbox 2006 820 2065 870; x_wconf 91' lang='lat' dir='ltr'>in</span> <span class='ocrx_word' id='word_1_48' title='bbox 2100 820 2218 871; x_wconf 91' lang='lat' dir='ltr'>loco</span> 
     </span>
     <span class='ocr_line' id='line_1_7' title="bbox 289 896 1102 966; baseline -0.004 -17"><span class='ocrx_word' id='word_1_49' title='bbox 289 898 436 949; x_wconf 90' lang='lat' dir='ltr'>illius</span> <span class='ocrx_word' id='word_1_50' title='bbox 463 898 739 966; x_wconf 89' lang='lat' dir='ltr'>episcopus</span> <span class='ocrx_word' id='word_1_51' title='bbox 766 896 1102 963; x_wconf 82' lang='lat' dir='ltr'>subrogatur.</span> 
     </span>
    </p>
   </div>
   <div class='ocr_carea' id='block_1_3' title="bbox 1145 1087 1370 1121">
    <p class='ocr_par' dir='ltr' id='par_1_3' title="bbox 1145 1087 1370 1121">
     <span class='ocr_line' id='line_1_8' title="bbox 1145 1087 1370 1121; baseline 0 -1"><span class='ocrx_word' id='word_1_52' title='bbox 1145 1087 1370 1121; x_wconf 86' lang='lat' dir='ltr'>DCCLXV.</span> 
     </span>
    </p>
   </div>
   <div class='ocr_carea' id='block_1_4' title="bbox 295 1167 2227 1885">
    <p class='ocr_par' dir='ltr' id='par_1_4' title="bbox 295 1167 2227 1885">
     <span class='ocr_line' id='line_1_9' title="bbox 404 1167 2222 1236; baseline -0.001 -17"><span class='ocrx_word' id='word_1_53' title='bbox 404 1169 567 1220; x_wconf 88' lang='lat' dir='ltr'>Anno</span> <span class='ocrx_word' id='word_1_54' title='bbox 599 1169 811 1221; x_wconf 82' lang='lat' dir='ltr'>Dcc.lxv</span> <span class='ocrx_word' id='word_1_55' title='bbox 843 1168 991 1236; x_wconf 83' lang='lat' dir='ltr'>ignei</span> <span class='ocrx_word' id='word_1_56' title='bbox 1022 1169 1163 1220; x_wconf 91' lang='lat' dir='ltr'>ictus</span> <span class='ocrx_word' id='word_1_57' title='bbox 1199 1168 1256 1219; x_wconf 90' lang='lat' dir='ltr'>in</span> <span class='ocrx_word' id='word_1_58' title='bbox 1289 1172 1407 1220; x_wconf 73' lang='lat' dir='ltr'>aere</span> <span class='ocrx_word' id='word_1_59' title='bbox 1432 1168 1532 1220; x_wconf 91' lang='lat' dir='ltr'>visi</span> <span class='ocrx_word' id='word_1_60' title='bbox 1558 1174 1701 1232; x_wconf 85' lang='lat' dir='ltr'>sunt,</span> <span class='ocrx_word' id='word_1_61' title='bbox 1742 1168 1925 1236; x_wconf 89' lang='lat' dir='ltr'>quales</span> <span class='ocrx_word' id='word_1_62' title='bbox 1952 1167 2222 1236; x_wconf 87' lang='lat' dir='ltr'>quondam</span> 
     </span>
     <span class='ocr_line' id='line_1_10' title="bbox 296 1240 2221 1308; baseline -0.001 -17"><span class='ocrx_word' id='word_1_63' title='bbox 296 1246 655 1308; x_wconf 89' lang='lat' dir='ltr'>apparuerunt</span> <span class='ocrx_word' id='word_1_64' title='bbox 680 1246 921 1308; x_wconf 88' lang='lat' dir='ltr'>tempore</span> <span class='ocrx_word' id='word_1_65' title='bbox 945 1246 1211 1291; x_wconf 91' lang='lat' dir='ltr'>nocturno</span> <span class='ocrx_word' id='word_1_66' title='bbox 1238 1240 1344 1291; x_wconf 90' lang='lat' dir='ltr'>kal.</span> <span class='ocrx_word' id='word_1_67' title='bbox 1376 1241 1409 1290; x_wconf 84' lang='lat' dir='ltr'>J</span> <span class='ocrx_word' id='word_1_68' title='bbox 1414 1241 1637 1303; x_wconf 90' lang='lat' dir='ltr'>anuarii,</span> <span class='ocrx_word' id='word_1_69' title='bbox 1665 1246 1726 1291; x_wconf 89' lang='lat' dir='ltr'>ut</span> <span class='ocrx_word' id='word_1_70' title='bbox 1753 1240 1991 1308; x_wconf 86' lang='lat' dir='ltr'>superius</span> <span class='ocrx_word' id='word_1_71' title='bbox 2017 1258 2221 1307; x_wconf 83' lang='lat' dir='ltr'>praeno-</span> 
     </span>
     <span class='ocr_line' id='line_1_11' title="bbox 298 1312 2225 1380; baseline 0 -18"><span class='ocrx_word' id='word_1_72' title='bbox 298 1312 540 1363; x_wconf 89' lang='lat' dir='ltr'>tavimus.</span> <span class='ocrx_word' id='word_1_73' title='bbox 617 1313 825 1364; x_wconf 87' lang='lat' dir='ltr'>Eodem</span> <span class='ocrx_word' id='word_1_74' title='bbox 852 1330 992 1363; x_wconf 89' lang='lat' dir='ltr'>anno</span> <span class='ocrx_word' id='word_1_75' title='bbox 1028 1312 1328 1363; x_wconf 85' lang='lat' dir='ltr'>Ethelwald</span> <span class='ocrx_word' id='word_1_76' title='bbox 1358 1330 1587 1380; x_wconf 83' lang='lat' dir='ltr'>regnum</span> <span class='ocrx_word' id='word_1_77' title='bbox 1616 1312 2225 1379; x_wconf 89' lang='lat' dir='ltr'>Northanhymbrorum</span> 
     </span>
     <span class='ocr_line' id='line_1_12' title="bbox 296 1384 2224 1447; baseline -0.001 -12"><span class='ocrx_word' id='word_1_78' title='bbox 296 1385 477 1435; x_wconf 88' lang='lat' dir='ltr'>amisit</span> <span class='ocrx_word' id='word_1_79' title='bbox 516 1385 574 1435; x_wconf 88' lang='lat' dir='ltr'>in</span> <span class='ocrx_word' id='word_1_80' title='bbox 614 1384 1058 1435; x_wconf 80' lang='lat' dir='ltr'>VVinchanheale5</span> <span class='ocrx_word' id='word_1_81' title='bbox 1102 1384 1264 1436; x_wconf 89' lang='lat' dir='ltr'>tertio</span> <span class='ocrx_word' id='word_1_82' title='bbox 1301 1384 1408 1435; x_wconf 87' lang='lat' dir='ltr'>kal.</span> <span class='ocrx_word' id='word_1_83' title='bbox 1449 1384 1790 1436; x_wconf 87' lang='lat' dir='ltr'>Novembris.</span> <span class='ocrx_word' id='word_1_84' title='bbox 1869 1384 1971 1435; x_wconf 89' lang='lat' dir='ltr'>Cui</span> <span class='ocrx_word' id='word_1_85' title='bbox 2007 1384 2224 1447; x_wconf 89' lang='lat' dir='ltr'>Alcred,</span> 
     </span>
     <span class='ocr_line' id='line_1_13' title="bbox 295 1456 2224 1524; baseline -0.001 -17"><span class='ocrx_word' id='word_1_86' title='bbox 295 1456 542 1524; x_wconf 82' lang='lat' dir='ltr'>prosapia</span> <span class='ocrx_word' id='word_1_87' title='bbox 592 1457 705 1508; x_wconf 78' lang='lat' dir='ltr'>Idae</span> <span class='ocrx_word' id='word_1_88' title='bbox 756 1456 898 1524; x_wconf 83' lang='lat' dir='ltr'>regis</span> <span class='ocrx_word' id='word_1_89' title='bbox 951 1462 1184 1519; x_wconf 88' lang='lat' dir='ltr'>exortus,</span> <span class='ocrx_word' id='word_1_90' title='bbox 1237 1462 1300 1507; x_wconf 91' lang='lat' dir='ltr'>ut</span> <span class='ocrx_word' id='word_1_91' title='bbox 1341 1457 1558 1524; x_wconf 89' lang='lat' dir='ltr'>quidam</span> <span class='ocrx_word' id='word_1_92' title='bbox 1600 1457 1804 1520; x_wconf 88' lang='lat' dir='ltr'>dicunt,</span> <span class='ocrx_word' id='word_1_93' title='bbox 1862 1456 2118 1507; x_wconf 88' lang='lat' dir='ltr'>successit</span> <span class='ocrx_word' id='word_1_94' title='bbox 2167 1456 2224 1506; x_wconf 88' lang='lat' dir='ltr'>in</span> 
     </span>
     <span class='ocr_line' id='line_1_14' title="bbox 295 1528 2227 1596; baseline -0.001 -17"><span class='ocrx_word' id='word_1_95' title='bbox 295 1546 540 1596; x_wconf 86' lang='lat' dir='ltr'>regnum.</span> <span class='ocrx_word' id='word_1_96' title='bbox 621 1529 743 1581; x_wconf 73' lang='lat' dir='ltr'>Quo</span> <span class='ocrx_word' id='word_1_97' title='bbox 771 1547 911 1580; x_wconf 89' lang='lat' dir='ltr'>anno</span> <span class='ocrx_word' id='word_1_98' title='bbox 941 1529 1174 1593; x_wconf 88' lang='lat' dir='ltr'>Hemeli,</span> <span class='ocrx_word' id='word_1_99' title='bbox 1209 1529 1541 1580; x_wconf 90' lang='lat' dir='ltr'>Merciorum</span> <span class='ocrx_word' id='word_1_100' title='bbox 1568 1529 1862 1596; x_wconf 88' lang='lat' dir='ltr'>episcopus,</span> <span class='ocrx_word' id='word_1_101' title='bbox 1890 1528 2044 1591; x_wconf 89' lang='lat' dir='ltr'>obiit,</span> <span class='ocrx_word' id='word_1_102' title='bbox 2074 1529 2227 1596; x_wconf 87' lang='lat' dir='ltr'>cujus</span> 
     </span>
     <span class='ocr_line' id='line_1_15' title="bbox 295 1600 2223 1669; baseline 0 -18"><span class='ocrx_word' id='word_1_103' title='bbox 295 1601 410 1652; x_wconf 89' lang='lat' dir='ltr'>vice</span> <span class='ocrx_word' id='word_1_104' title='bbox 438 1601 691 1652; x_wconf 82' lang='lat' dir='ltr'>Cuthfrid</span> <span class='ocrx_word' id='word_1_105' title='bbox 716 1601 993 1652; x_wconf 89' lang='lat' dir='ltr'>ordinatus</span> <span class='ocrx_word' id='word_1_106' title='bbox 1020 1607 1100 1653; x_wconf 90' lang='lat' dir='ltr'>est</span> <span class='ocrx_word' id='word_1_107' title='bbox 1136 1601 1412 1669; x_wconf 91' lang='lat' dir='ltr'>episcopus</span> <span class='ocrx_word' id='word_1_108' title='bbox 1445 1602 1504 1652; x_wconf 91' lang='lat' dir='ltr'>in</span> <span class='ocrx_word' id='word_1_109' title='bbox 1535 1601 1919 1653; x_wconf 87' lang='lat' dir='ltr'>Liccetfeldan.</span> <span class='ocrx_word' id='word_1_110' title='bbox 1994 1600 2223 1652; x_wconf 82' lang='lat' dir='ltr'>Eadem-</span> 
     </span>
     <span class='ocr_line' id='line_1_16' title="bbox 298 1672 2226 1741; baseline 0 -18"><span class='ocrx_word' id='word_1_111' title='bbox 298 1691 401 1739; x_wconf 90' lang='lat' dir='ltr'>que</span> <span class='ocrx_word' id='word_1_112' title='bbox 439 1679 760 1741; x_wconf 76' lang='lat' dir='ltr'>tempestate</span> <span class='ocrx_word' id='word_1_113' title='bbox 801 1673 1101 1741; x_wconf 84' lang='lat' dir='ltr'>Bregwine,</span> <span class='ocrx_word' id='word_1_114' title='bbox 1155 1673 1583 1741; x_wconf 82' lang='lat' dir='ltr'>archiepiscopus</span> <span class='ocrx_word' id='word_1_115' title='bbox 1619 1674 1826 1725; x_wconf 86' lang='lat' dir='ltr'>Cantiae</span> <span class='ocrx_word' id='word_1_116' title='bbox 1868 1672 2115 1736; x_wconf 85' lang='lat' dir='ltr'>civitatis,</span> <span class='ocrx_word' id='word_1_117' title='bbox 2162 1691 2226 1724; x_wconf 88' lang='lat' dir='ltr'>ex</span> 
     </span>
     <span class='ocr_line' id='line_1_17' title="bbox 297 1745 2225 1812; baseline 0 -17"><span class='ocrx_word' id='word_1_118' title='bbox 297 1745 399 1796; x_wconf 89' lang='lat' dir='ltr'>hac</span> <span class='ocrx_word' id='word_1_119' title='bbox 438 1745 549 1796; x_wconf 91' lang='lat' dir='ltr'>vita</span> <span class='ocrx_word' id='word_1_120' title='bbox 583 1745 889 1796; x_wconf 91' lang='lat' dir='ltr'>subtractus</span> <span class='ocrx_word' id='word_1_121' title='bbox 930 1751 1028 1809; x_wconf 88' lang='lat' dir='ltr'>est,</span> <span class='ocrx_word' id='word_1_122' title='bbox 1070 1745 1157 1796; x_wconf 94' lang='lat' dir='ltr'>cui</span> <span class='ocrx_word' id='word_1_123' title='bbox 1183 1745 1480 1797; x_wconf 89' lang='lat' dir='ltr'>Lamberht</span> <span class='ocrx_word' id='word_1_124' title='bbox 1512 1746 1767 1798; x_wconf 89' lang='lat' dir='ltr'>successit</span> <span class='ocrx_word' id='word_1_125' title='bbox 1792 1745 1906 1797; x_wconf 91' lang='lat' dir='ltr'>vice</span> <span class='ocrx_word' id='word_1_126' title='bbox 1931 1745 2225 1812; x_wconf 83' lang='lat' dir='ltr'>regiminis.</span> 
     </span>
     <span class='ocr_line' id='line_1_18' title="bbox 297 1817 2226 1885; baseline -0.001 -17"><span class='ocrx_word' id='word_1_127' title='bbox 297 1817 495 1868; x_wconf 87' lang='lat' dir='ltr'>Aldulf</span> <span class='ocrx_word' id='word_1_128' title='bbox 542 1835 750 1885; x_wconf 90' lang='lat' dir='ltr'>quoque</span> <span class='ocrx_word' id='word_1_129' title='bbox 795 1818 1019 1869; x_wconf 90' lang='lat' dir='ltr'>antistes</span> <span class='ocrx_word' id='word_1_130' title='bbox 1058 1818 1117 1868; x_wconf 91' lang='lat' dir='ltr'>in</span> <span class='ocrx_word' id='word_1_131' title='bbox 1157 1817 1406 1869; x_wconf 88' lang='lat' dir='ltr'>Lindisse</span> <span class='ocrx_word' id='word_1_132' title='bbox 1451 1818 1638 1870; x_wconf 86' lang='lat' dir='ltr'>eodem</span> <span class='ocrx_word' id='word_1_133' title='bbox 1681 1835 1821 1869; x_wconf 88' lang='lat' dir='ltr'>anno</span> <span class='ocrx_word' id='word_1_134' title='bbox 1870 1817 2011 1869; x_wconf 89' lang='lat' dir='ltr'>hanc</span> <span class='ocrx_word' id='word_1_135' title='bbox 2060 1817 2226 1868; x_wconf 88' lang='lat' dir='ltr'>vitam</span> 
     </span>
    </p>
   </div>
   <div class='ocr_carea' id='block_1_5' title="bbox 300 1889 2226 2014">
    <p class='ocr_par' dir='ltr' id='par_1_5' title="bbox 300 1889 2226 2014">
     <span class='ocr_line' id='line_1_19' title="bbox 300 1889 2226 1958; baseline 0.001 -19"><span class='ocrx_word' id='word_1_136' title='bbox 300 1889 601 1957; x_wconf 85' lang='lat' dir='ltr'>dereliquit,</span> <span class='ocrx_word' id='word_1_137' title='bbox 662 1890 927 1957; x_wconf 90' lang='lat' dir='ltr'>aliamque</span> <span class='ocrx_word' id='word_1_138' title='bbox 967 1889 1171 1958; x_wconf 86' lang='lat' dir='ltr'>petivit.</span> <span class='ocrx_word' id='word_1_139' title='bbox 1264 1890 1392 1941; x_wconf 89' lang='lat' dir='ltr'>Post</span> <span class='ocrx_word' id='word_1_140' title='bbox 1437 1908 1596 1958; x_wconf 91' lang='lat' dir='ltr'>quem</span> <span class='ocrx_word' id='word_1_141' title='bbox 1647 1890 1875 1942; x_wconf 83' lang='lat' dir='ltr'>Ceolwlf</span> <span class='ocrx_word' id='word_1_142' title='bbox 1921 1890 2122 1942; x_wconf 90' lang='lat' dir='ltr'>electus</span> <span class='ocrx_word' id='word_1_143' title='bbox 2174 1894 2226 1941; x_wconf 89' lang='lat' dir='ltr'>et</span> 
     </span>
     <span class='ocr_line' id='line_1_20' title="bbox 300 1967 763 2014; baseline 0.002 -2"><span class='ocrx_word' id='word_1_144' title='bbox 300 1967 640 2014; x_wconf 90' lang='lat' dir='ltr'>consecratus</span> <span class='ocrx_word' id='word_1_145' title='bbox 667 1967 763 2014; x_wconf 90' lang='lat' dir='ltr'>est.</span> 
     </span>
    </p>
   </div>
   <div class='ocr_carea' id='block_1_6' title="bbox 1142 2108 1392 2142">
    <p class='ocr_par' dir='ltr' id='par_1_6' title="bbox 1142 2108 1392 2142">
     <span class='ocr_line' id='line_1_21' title="bbox 1142 2108 1392 2142; baseline 0 0"><span class='ocrx_word' id='word_1_146' title='bbox 1142 2108 1392 2142; x_wconf 85' lang='lat' dir='ltr'><strong>DCCLXVI.</strong></span> 
     </span>
    </p>
   </div>
   <div class='ocr_carea' id='block_1_7' title="bbox 299 2190 2230 2549">
    <p class='ocr_par' dir='ltr' id='par_1_7' title="bbox 299 2190 2230 2549">
     <span class='ocr_line' id='line_1_22' title="bbox 409 2190 2230 2260; baseline 0.001 -18"><span class='ocrx_word' id='word_1_147' title='bbox 409 2191 571 2242; x_wconf 89' lang='lat' dir='ltr'>Anno</span> <span class='ocrx_word' id='word_1_148' title='bbox 607 2191 836 2260; x_wconf 81' lang='lat' dir='ltr'>Dcc‚lxvj</span> <span class='ocrx_word' id='word_1_149' title='bbox 881 2190 1174 2258; x_wconf 84' lang='lat' dir='ltr'>Ecgberht,</span> <span class='ocrx_word' id='word_1_150' title='bbox 1219 2191 1647 2259; x_wconf 87' lang='lat' dir='ltr'>archiepiscopus</span> <span class='ocrx_word' id='word_1_151' title='bbox 1684 2191 1940 2243; x_wconf 86' lang='lat' dir='ltr'>Eboracae</span> <span class='ocrx_word' id='word_1_152' title='bbox 1980 2190 2230 2255; x_wconf 78' lang='lat' dir='ltr'>civitatiS,</span> 
     </span>
     <span class='ocr_line' id='line_1_23' title="bbox 299 2263 2229 2332; baseline 0.001 -19"><span class='ocrx_word' id='word_1_153' title='bbox 299 2263 357 2313; x_wconf 88' lang='lat' dir='ltr'>in</span> <span class='ocrx_word' id='word_1_154' title='bbox 397 2281 525 2330; x_wconf 88' lang='lat' dir='ltr'>pace</span> <span class='ocrx_word' id='word_1_155' title='bbox 567 2263 770 2314; x_wconf 83' lang='lat' dir='ltr'>Christi</span> <span class='ocrx_word' id='word_1_156' title='bbox 806 2263 1067 2330; x_wconf 87' lang='lat' dir='ltr'>requievit</span> <span class='ocrx_word' id='word_1_157' title='bbox 1097 2263 1187 2332; x_wconf 87' lang='lat' dir='ltr'>xiij</span> <span class='ocrx_word' id='word_1_158' title='bbox 1217 2264 1325 2314; x_wconf 87' lang='lat' dir='ltr'>kal.</span> <span class='ocrx_word' id='word_1_159' title='bbox 1360 2263 1694 2327; x_wconf 79' lang='lat' dir='ltr'>Decembris,</span> <span class='ocrx_word' id='word_1_160' title='bbox 1734 2263 1890 2314; x_wconf 85' lang='lat' dir='ltr'>xxxiv</span> <span class='ocrx_word' id='word_1_161' title='bbox 1926 2282 2066 2315; x_wconf 89' lang='lat' dir='ltr'>anno</span> <span class='ocrx_word' id='word_1_162' title='bbox 2094 2264 2229 2331; x_wconf 89' lang='lat' dir='ltr'>epis-</span> 
     </span>
     <span class='ocr_line' id='line_1_24' title="bbox 301 2335 2229 2403; baseline 0 -17"><span class='ocrx_word' id='word_1_163' title='bbox 301 2341 520 2402; x_wconf 90' lang='lat' dir='ltr'>copatus</span> <span class='ocrx_word' id='word_1_164' title='bbox 556 2335 639 2386; x_wconf 89' lang='lat' dir='ltr'>sui</span> <span class='ocrx_word' id='word_1_165' title='bbox 658 2357 672 2399; x_wconf 76' lang='lat'><em>3</em></span> <span class='ocrx_word' id='word_1_166' title='bbox 716 2342 769 2386; x_wconf 92' lang='lat' dir='ltr'>et</span> <span class='ocrx_word' id='word_1_167' title='bbox 813 2335 1180 2400; x_wconf 82' lang='lat' dir='ltr'>Frithuberht,</span> <span class='ocrx_word' id='word_1_168' title='bbox 1226 2335 1680 2403; x_wconf 83' lang='lat' dir='ltr'>Hagustaldensis</span> <span class='ocrx_word' id='word_1_169' title='bbox 1712 2336 1948 2387; x_wconf 81' lang='lat' dir='ltr'>ecclesiae</span> <span class='ocrx_word' id='word_1_170' title='bbox 1988 2337 2229 2399; x_wconf 82' lang='lat' dir='ltr'>antistes,</span> 
     </span>
     <span class='ocr_line' id='line_1_25' title="bbox 302 2407 2228 2476; baseline 0.001 -19"><span class='ocrx_word' id='word_1_171' title='bbox 302 2407 490 2458; x_wconf 89' lang='lat' dir='ltr'>eodem</span> <span class='ocrx_word' id='word_1_172' title='bbox 518 2426 658 2458; x_wconf 90' lang='lat' dir='ltr'>anno</span> <span class='ocrx_word' id='word_1_173' title='bbox 686 2408 750 2459; x_wconf 89' lang='lat' dir='ltr'>de</span> <span class='ocrx_word' id='word_1_174' title='bbox 777 2408 877 2459; x_wconf 86' lang='lat' dir='ltr'>hac</span> <span class='ocrx_word' id='word_1_175' title='bbox 902 2408 1119 2459; x_wconf 86' lang='lat' dir='ltr'>mortali</span> <span class='ocrx_word' id='word_1_176' title='bbox 1146 2426 1304 2460; x_wconf 90' lang='lat' dir='ltr'>carne</span> <span class='ocrx_word' id='word_1_177' title='bbox 1335 2408 1588 2476; x_wconf 84' lang='lat' dir='ltr'>migravit</span> <span class='ocrx_word' id='word_1_178' title='bbox 1625 2408 1692 2459; x_wconf 86' lang='lat' dir='ltr'>ad</span> <span class='ocrx_word' id='word_1_179' title='bbox 1716 2426 1853 2459; x_wconf 80' lang='lat' dir='ltr'>verae</span> <span class='ocrx_word' id='word_1_180' title='bbox 1879 2408 2014 2460; x_wconf 91' lang='lat' dir='ltr'>lucis</span> <span class='ocrx_word' id='word_1_181' title='bbox 2039 2427 2228 2476; x_wconf 89' lang='lat' dir='ltr'>peren-</span> 
     </span>
     <span class='ocr_line' id='line_1_26' title="bbox 300 2479 1877 2549; baseline 0.001 -19"><span class='ocrx_word' id='word_1_182' title='bbox 300 2479 529 2531; x_wconf 85' lang='lat' dir='ltr'>nitatem</span> <span class='ocrx_word' id='word_1_183' title='bbox 556 2499 590 2530; x_wconf 81' lang='grc' dir='ltr'>Χ</span> <span class='ocrx_word' id='word_1_184' title='bbox 616 2480 723 2531; x_wconf 87' lang='lat' dir='ltr'>kal.</span> <span class='ocrx_word' id='word_1_185' title='bbox 754 2481 788 2531; x_wconf 84' lang='lat' dir='ltr'><strong>J</strong></span> <span class='ocrx_word' id='word_1_186' title='bbox 793 2480 1019 2545; x_wconf 82' lang='lat' dir='ltr'>anuarii,</span> <span class='ocrx_word' id='word_1_187' title='bbox 1060 2481 1394 2549; x_wconf 86' lang='lat' dir='ltr'>episcopatus</span> <span class='ocrx_word' id='word_1_188' title='bbox 1421 2480 1504 2532; x_wconf 90' lang='lat' dir='ltr'>sui</span> <span class='ocrx_word' id='word_1_189' title='bbox 1531 2498 1670 2532; x_wconf 89' lang='lat' dir='ltr'>anno</span> <span class='ocrx_word' id='word_1_190' title='bbox 1696 2480 1877 2549; x_wconf 71' lang='lat' dir='ltr'>xxxij!</span> 
     </span>
    </p>
   </div>
   <div class='ocr_carea' id='block_1_8' title="bbox 1137 2686 1410 2720">
    <p class='ocr_par' dir='ltr' id='par_1_8' title="bbox 1137 2686 1410 2720">
     <span class='ocr_line' id='line_1_27' title="bbox 1137 2686 1410 2720; baseline -0.004 0"><span class='ocrx_word' id='word_1_191' title='bbox 1137 2686 1410 2720; x_wconf 83' lang='lat' dir='ltr'>DCCLXVII.</span> 
     </span>
    </p>
   </div>
   <div class='ocr_carea' id='block_1_9' title="bbox 304 2767 2235 3178">
    <p class='ocr_par' dir='ltr' id='par_1_9' title="bbox 304 2767 2235 3178">
     <span class='ocr_line' id='line_1_28' title="bbox 414 2767 2233 2834; baseline 0.002 -16"><span class='ocrx_word' id='word_1_192' title='bbox 414 2767 577 2818; x_wconf 90' lang='lat' dir='ltr'>Anno</span> <span class='ocrx_word' id='word_1_193' title='bbox 628 2767 875 2834; x_wconf 78' lang='lat' dir='ltr'>Dcc,lxvij</span> <span class='ocrx_word' id='word_1_194' title='bbox 922 2767 1154 2818; x_wconf 88' lang='lat' dir='ltr'>Alberht</span> <span class='ocrx_word' id='word_1_195' title='bbox 1205 2768 1463 2819; x_wconf 83' lang='lat' dir='ltr'>Eboracae</span> <span class='ocrx_word' id='word_1_196' title='bbox 1514 2767 1764 2831; x_wconf 78' lang='lat' dir='ltr'>civitatiS,</span> <span class='ocrx_word' id='word_1_197' title='bbox 1817 2774 1870 2820; x_wconf 91' lang='lat' dir='ltr'>et</span> <span class='ocrx_word' id='word_1_198' title='bbox 1920 2769 2233 2822; x_wconf 87' lang='lat' dir='ltr'>Alchmund</span> 
     </span>
     <span class='ocr_line' id='line_1_29' title="bbox 308 2838 2230 2908; baseline 0.002 -18"><span class='ocrx_word' id='word_1_199' title='bbox 308 2838 759 2906; x_wconf 83' lang='lat' dir='ltr'>Hagustaldensis</span> <span class='ocrx_word' id='word_1_200' title='bbox 804 2839 1039 2890; x_wconf 77' lang='lat' dir='ltr'>ecclesiae</span> <span class='ocrx_word' id='word_1_201' title='bbox 1080 2839 1315 2890; x_wconf 89' lang='lat' dir='ltr'>ordinati</span> <span class='ocrx_word' id='word_1_202' title='bbox 1353 2845 1479 2889; x_wconf 89' lang='lat' dir='ltr'>sunt</span> <span class='ocrx_word' id='word_1_203' title='bbox 1520 2840 1753 2907; x_wconf 88' lang='lat' dir='ltr'>episcopi</span> <span class='ocrx_word' id='word_1_204' title='bbox 1792 2840 1881 2908; x_wconf 83' lang='lat' dir='ltr'>viij</span> <span class='ocrx_word' id='word_1_205' title='bbox 1925 2841 2033 2891; x_wconf 91' lang='lat' dir='ltr'>kal.</span> <span class='ocrx_word' id='word_1_206' title='bbox 2074 2842 2230 2893; x_wconf 88' lang='lat' dir='ltr'>Maii.</span> 
     </span>
     <span class='ocr_line' id='line_1_30' title="bbox 304 2910 2232 2981; baseline 0.002 -19"><span class='ocrx_word' id='word_1_207' title='bbox 304 2911 511 2962; x_wconf 84' lang='lat' dir='ltr'>Eodem</span> <span class='ocrx_word' id='word_1_208' title='bbox 536 2916 777 2977; x_wconf 90' lang='lat' dir='ltr'>tempore</span> <span class='ocrx_word' id='word_1_209' title='bbox 807 2910 1077 2962; x_wconf 86' lang='lat' dir='ltr'>Aluberht</span> <span class='ocrx_word' id='word_1_210' title='bbox 1114 2911 1181 2961; x_wconf 83' lang='lat' dir='ltr'>ad</span> <span class='ocrx_word' id='word_1_211' title='bbox 1206 2911 1498 2962; x_wconf 86' lang='lat' dir='ltr'>Ealdsexos</span> <span class='ocrx_word' id='word_1_212' title='bbox 1525 2911 1802 2963; x_wconf 85' lang='lat' dir='ltr'>ordinatus</span> <span class='ocrx_word' id='word_1_213' title='bbox 1830 2918 1910 2964; x_wconf 90' lang='lat' dir='ltr'>est</span> <span class='ocrx_word' id='word_1_214' title='bbox 1937 2913 2232 2981; x_wconf 88' lang='lat' dir='ltr'>episcopus,</span> 
     </span>
     <span class='ocr_line' id='line_1_31' title="bbox 307 2982 2235 3054; baseline 0.002 -20"><span class='ocrx_word' id='word_1_215' title='bbox 307 2988 361 3035; x_wconf 93' lang='lat' dir='ltr'>et</span> <span class='ocrx_word' id='word_1_216' title='bbox 406 2982 633 3034; x_wconf 87' lang='lat' dir='ltr'>Ceolwlf</span> <span class='ocrx_word' id='word_1_217' title='bbox 663 2982 718 3032; x_wconf 89' lang='lat' dir='ltr'>in</span> <span class='ocrx_word' id='word_1_218' title='bbox 761 2982 999 3033; x_wconf 84' lang='lat' dir='ltr'>Lindissi</span> <span class='ocrx_word' id='word_1_219' title='bbox 1043 2983 1266 3035; x_wconf 88' lang='lat' dir='ltr'>antistes</span> <span class='ocrx_word' id='word_1_220' title='bbox 1305 2989 1646 3034; x_wconf 89' lang='lat' dir='ltr'>consecratus</span> <span class='ocrx_word' id='word_1_221' title='bbox 1684 2990 1781 3035; x_wconf 89' lang='lat' dir='ltr'>est.</span> <span class='ocrx_word' id='word_1_222' title='bbox 1859 2986 1984 3052; x_wconf 89' lang='lat' dir='ltr'>Ipso</span> <span class='ocrx_word' id='word_1_223' title='bbox 2024 3004 2235 3054; x_wconf 89' lang='lat' dir='ltr'>quoque</span> 
     </span>
     <span class='ocr_line' id='line_1_32' title="bbox 308 3054 2234 3124; baseline 0.003 -19"><span class='ocrx_word' id='word_1_224' title='bbox 308 3072 449 3106; x_wconf 89' lang='lat' dir='ltr'>anno</span> <span class='ocrx_word' id='word_1_225' title='bbox 474 3054 619 3104; x_wconf 87' lang='lat' dir='ltr'>Etha</span> <span class='ocrx_word' id='word_1_226' title='bbox 646 3054 957 3105; x_wconf 87' lang='lat' dir='ltr'>anachorita</span> <span class='ocrx_word' id='word_1_227' title='bbox 989 3054 1219 3107; x_wconf 87' lang='lat' dir='ltr'>feliciter</span> <span class='ocrx_word' id='word_1_228' title='bbox 1252 3055 1310 3106; x_wconf 91' lang='lat' dir='ltr'>in</span> <span class='ocrx_word' id='word_1_229' title='bbox 1346 3055 1468 3107; x_wconf 89' lang='lat' dir='ltr'>Cric</span> <span class='ocrx_word' id='word_1_230' title='bbox 1492 3055 1644 3119; x_wconf 88' lang='lat' dir='ltr'>obiit,</span> <span class='ocrx_word' id='word_1_231' title='bbox 1685 3056 1777 3124; x_wconf 90' lang='lat' dir='ltr'>qui</span> <span class='ocrx_word' id='word_1_232' title='bbox 1801 3057 1952 3108; x_wconf 92' lang='lat' dir='ltr'>locus</span> <span class='ocrx_word' id='word_1_233' title='bbox 1977 3057 2141 3109; x_wconf 86' lang='lat' dir='ltr'>distat</span> <span class='ocrx_word' id='word_1_234' title='bbox 2168 3059 2234 3110; x_wconf 88' lang='lat' dir='ltr'>ab</span> 
     </span>
     <span class='ocr_line' id='line_1_33' title="bbox 306 3126 1134 3178; baseline -0.001 0"><span class='ocrx_word' id='word_1_235' title='bbox 306 3126 551 3178; x_wconf 85' lang='lat' dir='ltr'>Eboraca</span> <span class='ocrx_word' id='word_1_236' title='bbox 575 3126 791 3178; x_wconf 89' lang='lat' dir='ltr'>civitate</span> <span class='ocrx_word' id='word_1_237' title='bbox 817 3144 850 3177; x_wconf 88' lang='lat' dir='ltr'>x</span> <span class='ocrx_word' id='word_1_238' title='bbox 875 3126 1134 3177; x_wconf 88' lang='lat' dir='ltr'>miliariis.</span> 
     </span>
    </p>
   </div>
   <div class='ocr_carea' id='block_1_10' title="bbox 391 3273 938 3322">
    <p class='ocr_par' dir='ltr' id='par_1_10' title="bbox 391 3273 938 3322">
     <span class='ocr_line' id='line_1_34' title="bbox 391 3273 938 3322; baseline 0.002 -8"><span class='ocrx_word' id='word_1_239' title='bbox 391 3283 406 3300; x_wconf 60' lang='lat' dir='ltr'>r</span> <span class='ocrx_word' id='word_1_240' title='bbox 436 3273 497 3315; x_wconf 83' lang='lat' dir='ltr'>St.</span> <span class='ocrx_word' id='word_1_241' title='bbox 518 3273 646 3315; x_wconf 84' lang='lat' dir='ltr'>Matt.</span> <span class='ocrx_word' id='word_1_242' title='bbox 667 3273 778 3315; x_wconf 85' lang='lat' dir='ltr'>xxiv.</span> <span class='ocrx_word' id='word_1_243' title='bbox 799 3273 838 3322; x_wconf 89' lang='grc'>7,</span> <span class='ocrx_word' id='word_1_244' title='bbox 858 3276 938 3315; x_wconf 87' lang='lat' dir='ltr'>etc.</span> 
     </span>
    </p>
   </div>
   <div class='ocr_carea' id='block_1_11' title="bbox 309 3329 2239 3769">
    <p class='ocr_par' dir='ltr' id='par_1_11' title="bbox 309 3329 2236 3492">
     <span class='ocr_line' id='line_1_35' title="bbox 391 3329 2236 3384; baseline 0.003 -15"><span class='ocrx_word' id='word_1_245' title='bbox 391 3337 403 3355; x_wconf 82' lang='lat'>⁸</span> <span class='ocrx_word' id='word_1_246' title='bbox 431 3329 758 3376; x_wconf 82' lang='lat' dir='ltr'>Winchanheal,</span> <span class='ocrx_word' id='word_1_247' title='bbox 789 3342 836 3369; x_wconf 90' lang='lat' dir='ltr'>or</span> <span class='ocrx_word' id='word_1_248' title='bbox 866 3343 909 3370; x_wconf 89' lang='lat' dir='ltr'>as</span> <span class='ocrx_word' id='word_1_249' title='bbox 934 3330 970 3370; x_wconf 89' lang='lat' dir='ltr'>it</span> <span class='ocrx_word' id='word_1_250' title='bbox 998 3342 1144 3370; x_wconf 87' lang='lat' dir='ltr'>occurs</span> <span class='ocrx_word' id='word_1_251' title='bbox 1169 3341 1259 3371; x_wconf 86' lang='lat' dir='ltr'><strong>A.D.</strong></span> <span class='ocrx_word' id='word_1_252' title='bbox 1279 3330 1375 3378; x_wconf 78' lang='lat'>787,</span> <span class='ocrx_word' id='word_1_253' title='bbox 1397 3330 1651 3372; x_wconf 75' lang='lat' dir='ltr'>VVincahala</span> <span class='ocrx_word' id='word_1_254' title='bbox 1672 3332 1754 3384; x_wconf 85' lang='lat' dir='ltr'>(for</span> <span class='ocrx_word' id='word_1_255' title='bbox 1773 3332 2004 3374; x_wconf 83' lang='lat' dir='ltr'>Pincahala</span> <span class='ocrx_word' id='word_1_256' title='bbox 2023 3333 2057 3373; x_wconf 88' lang='lat' dir='ltr'>is</span> <span class='ocrx_word' id='word_1_257' title='bbox 2077 3347 2101 3374; x_wconf 85' lang='lat' dir='ltr'>a</span> <span class='ocrx_word' id='word_1_258' title='bbox 2121 3347 2236 3376; x_wconf 87' lang='lat' dir='ltr'>mere</span> 
     </span>
     <span class='ocr_line' id='line_1_36' title="bbox 309 3384 2235 3442; baseline 0.003 -17"><span class='ocrx_word' id='word_1_259' title='bbox 309 3384 707 3436; x_wconf 83' lang='lat' dir='ltr'>mistranscription,</span> <span class='ocrx_word' id='word_1_260' title='bbox 737 3384 896 3436; x_wconf 79' lang='lat' dir='ltr'>arising</span> <span class='ocrx_word' id='word_1_261' title='bbox 915 3384 1024 3424; x_wconf 83' lang='lat' dir='ltr'>from</span> <span class='ocrx_word' id='word_1_262' title='bbox 1043 3386 1117 3426; x_wconf 90' lang='lat' dir='ltr'>the</span> <span class='ocrx_word' id='word_1_263' title='bbox 1137 3385 1361 3438; x_wconf 87' lang='lat' dir='ltr'>similarity</span> <span class='ocrx_word' id='word_1_264' title='bbox 1382 3386 1428 3426; x_wconf 84' lang='lat' dir='ltr'>of</span> <span class='ocrx_word' id='word_1_265' title='bbox 1451 3387 1525 3427; x_wconf 87' lang='lat' dir='ltr'>the</span> <span class='ocrx_word' id='word_1_266' title='bbox 1546 3387 1686 3428; x_wconf 84' lang='lat' dir='ltr'>Saxon</span> <span class='ocrx_word' id='word_1_267' title='bbox 1704 3390 1825 3440; x_wconf 82' lang='lat' dir='ltr'>types</span> <span class='ocrx_word' id='word_1_268' title='bbox 1845 3388 1891 3428; x_wconf 88' lang='lat' dir='ltr'>of</span> <span class='ocrx_word' id='word_1_269' title='bbox 1915 3388 1952 3429; x_wconf 91' lang='lat' dir='ltr'>P</span> <span class='ocrx_word' id='word_1_270' title='bbox 1971 3390 2056 3429; x_wconf 86' lang='lat' dir='ltr'>and</span> <span class='ocrx_word' id='word_1_271' title='bbox 2074 3389 2168 3442; x_wconf 88' lang='lat' dir='ltr'>W),</span> <span class='ocrx_word' id='word_1_272' title='bbox 2199 3390 2235 3430; x_wconf 91' lang='lat' dir='ltr'>is</span> 
     </span>
     <span class='ocr_line' id='line_1_37' title="bbox 309 3439 1584 3492; baseline 0 -11"><span class='ocrx_word' id='word_1_273' title='bbox 309 3440 527 3482; x_wconf 87' lang='lat' dir='ltr'>identified</span> <span class='ocrx_word' id='word_1_274' title='bbox 546 3440 602 3492; x_wconf 90' lang='lat' dir='ltr'>by</span> <span class='ocrx_word' id='word_1_275' title='bbox 622 3439 866 3480; x_wconf 87' lang='lat' dir='ltr'>Wendover</span> <span class='ocrx_word' id='word_1_276' title='bbox 887 3440 991 3479; x_wconf 87' lang='lat' dir='ltr'>with</span> <span class='ocrx_word' id='word_1_277' title='bbox 1009 3440 1225 3488; x_wconf 80' lang='lat' dir='ltr'>Finohale‚</span> <span class='ocrx_word' id='word_1_278' title='bbox 1254 3454 1355 3481; x_wconf 84' lang='lat' dir='ltr'>near</span> <span class='ocrx_word' id='word_1_279' title='bbox 1376 3441 1584 3481; x_wconf 89' lang='lat' dir='ltr'>Durham.</span> 
     </span>
    </p>

    <p class='ocr_par' dir='ltr' id='par_1_12' title="bbox 311 3494 2239 3769">
     <span class='ocr_line' id='line_1_38' title="bbox 395 3494 2239 3549; baseline 0.002 -14"><span class='ocrx_word' id='word_1_280' title='bbox 395 3498 407 3520; x_wconf 73' lang='lat'><strong><em>‘</em></strong></span> <span class='ocrx_word' id='word_1_281' title='bbox 434 3495 492 3536; x_wconf 89' lang='lat' dir='ltr'>N.</span> <span class='ocrx_word' id='word_1_282' title='bbox 513 3494 582 3542; x_wconf 91' lang='lat' dir='ltr'>A.,</span> <span class='ocrx_word' id='word_1_283' title='bbox 605 3494 646 3534; x_wconf 81' lang='lat' dir='ltr'>S.</span> <span class='ocrx_word' id='word_1_284' title='bbox 666 3494 713 3534; x_wconf 79' lang='lat' dir='ltr'>G.</span> <span class='ocrx_word' id='word_1_285' title='bbox 762 3495 853 3535; x_wconf 79' lang='lat' dir='ltr'>The</span> <span class='ocrx_word' id='word_1_286' title='bbox 870 3494 1268 3535; x_wconf 87' lang='lat' dir='ltr'>Northumberland</span> <span class='ocrx_word' id='word_1_287' title='bbox 1286 3495 1451 3536; x_wconf 88' lang='lat' dir='ltr'>Annals</span> <span class='ocrx_word' id='word_1_288' title='bbox 1477 3497 1582 3537; x_wconf 88' lang='lat' dir='ltr'>have</span> <span class='ocrx_word' id='word_1_289' title='bbox 1602 3496 1702 3549; x_wconf 85' lang='lat' dir='ltr'>only</span> <span class='ocrx_word' id='word_1_290' title='bbox 1721 3497 1827 3538; x_wconf 89' lang='lat' dir='ltr'>been</span> <span class='ocrx_word' id='word_1_291' title='bbox 1847 3499 2069 3549; x_wconf 88' lang='lat' dir='ltr'>preserved</span> <span class='ocrx_word' id='word_1_292' title='bbox 2087 3500 2132 3539; x_wconf 93' lang='lat' dir='ltr'>to</span> <span class='ocrx_word' id='word_1_293' title='bbox 2151 3499 2239 3539; x_wconf 88' lang='lat' dir='ltr'>this</span> 
     </span>
     <span class='ocr_line' id='line_1_39' title="bbox 311 3549 2235 3604; baseline 0.002 -14"><span class='ocrx_word' id='word_1_294' title='bbox 311 3562 426 3603; x_wconf 78' lang='lat' dir='ltr'>year,</span> <span class='ocrx_word' id='word_1_295' title='bbox 457 3551 537 3590; x_wconf 89' lang='lat' dir='ltr'>but</span> <span class='ocrx_word' id='word_1_296' title='bbox 569 3550 643 3590; x_wconf 87' lang='lat' dir='ltr'>the</span> <span class='ocrx_word' id='word_1_297' title='bbox 677 3549 820 3590; x_wconf 87' lang='lat' dir='ltr'>writer</span> <span class='ocrx_word' id='word_1_298' title='bbox 854 3549 900 3590; x_wconf 88' lang='lat' dir='ltr'>of</span> <span class='ocrx_word' id='word_1_299' title='bbox 923 3550 1009 3589; x_wconf 89' lang='lat' dir='ltr'>this</span> <span class='ocrx_word' id='word_1_300' title='bbox 1044 3549 1269 3591; x_wconf 86' lang='lat' dir='ltr'>Chronicle</span> <span class='ocrx_word' id='word_1_301' title='bbox 1294 3553 1410 3591; x_wconf 88' lang='lat' dir='ltr'>must</span> <span class='ocrx_word' id='word_1_302' title='bbox 1438 3551 1544 3591; x_wconf 85' lang='lat' dir='ltr'>have</span> <span class='ocrx_word' id='word_1_303' title='bbox 1563 3552 1669 3592; x_wconf 84' lang='lat' dir='ltr'>been</span> <span class='ocrx_word' id='word_1_304' title='bbox 1689 3552 1735 3591; x_wconf 89' lang='lat' dir='ltr'>in</span> <span class='ocrx_word' id='word_1_305' title='bbox 1755 3553 1986 3604; x_wconf 85' lang='lat' dir='ltr'>possession</span> <span class='ocrx_word' id='word_1_306' title='bbox 2005 3554 2052 3594; x_wconf 89' lang='lat' dir='ltr'>of</span> <span class='ocrx_word' id='word_1_307' title='bbox 2076 3554 2235 3594; x_wconf 86' lang='lat' dir='ltr'>similar</span> 
     </span>
     <span class='ocr_line' id='line_1_40' title="bbox 312 3604 2235 3660; baseline 0.002 -14"><span class='ocrx_word' id='word_1_308' title='bbox 312 3605 526 3646; x_wconf 83' lang='lat' dir='ltr'>materials</span> <span class='ocrx_word' id='word_1_309' title='bbox 545 3606 590 3645; x_wconf 89' lang='lat' dir='ltr'>to</span> <span class='ocrx_word' id='word_1_310' title='bbox 610 3605 683 3645; x_wconf 89' lang='lat' dir='ltr'>the</span> <span class='ocrx_word' id='word_1_311' title='bbox 703 3604 810 3645; x_wconf 89' lang='lat' dir='ltr'>close</span> <span class='ocrx_word' id='word_1_312' title='bbox 830 3604 876 3644; x_wconf 87' lang='lat' dir='ltr'>of</span> <span class='ocrx_word' id='word_1_313' title='bbox 899 3605 974 3645; x_wconf 88' lang='lat' dir='ltr'>the</span> <span class='ocrx_word' id='word_1_314' title='bbox 994 3605 1143 3657; x_wconf 82' lang='lat' dir='ltr'>eighth</span> <span class='ocrx_word' id='word_1_315' title='bbox 1172 3609 1366 3658; x_wconf 85' lang='lat' dir='ltr'>century,</span> <span class='ocrx_word' id='word_1_316' title='bbox 1397 3619 1441 3645; x_wconf 82' lang='lat' dir='ltr'>as</span> <span class='ocrx_word' id='word_1_317' title='bbox 1469 3606 1535 3645; x_wconf 89' lang='lat' dir='ltr'>his</span> <span class='ocrx_word' id='word_1_318' title='bbox 1565 3607 1777 3647; x_wconf 83' lang='lat' dir='ltr'>narrative</span> <span class='ocrx_word' id='word_1_319' title='bbox 1806 3607 1996 3660; x_wconf 86' lang='lat' dir='ltr'>diverges</span> <span class='ocrx_word' id='word_1_320' title='bbox 2016 3622 2132 3649; x_wconf 89' lang='lat' dir='ltr'>more</span> <span class='ocrx_word' id='word_1_321' title='bbox 2152 3610 2235 3649; x_wconf 83' lang='lat' dir='ltr'>and</span> 
     </span>
     <span class='ocr_line' id='line_1_41' title="bbox 313 3659 2238 3714; baseline 0.002 -13"><span class='ocrx_word' id='word_1_322' title='bbox 313 3673 432 3701; x_wconf 88' lang='lat' dir='ltr'>more</span> <span class='ocrx_word' id='word_1_323' title='bbox 451 3660 559 3700; x_wconf 88' lang='lat' dir='ltr'>from</span> <span class='ocrx_word' id='word_1_324' title='bbox 578 3660 653 3701; x_wconf 87' lang='lat' dir='ltr'>the</span> <span class='ocrx_word' id='word_1_325' title='bbox 673 3659 813 3700; x_wconf 83' lang='lat' dir='ltr'>Saxon</span> <span class='ocrx_word' id='word_1_326' title='bbox 833 3659 1070 3707; x_wconf 86' lang='lat' dir='ltr'>Chronicle‚</span> <span class='ocrx_word' id='word_1_327' title='bbox 1103 3661 1186 3700; x_wconf 88' lang='lat' dir='ltr'>and</span> <span class='ocrx_word' id='word_1_328' title='bbox 1214 3660 1249 3700; x_wconf 88' lang='lat' dir='ltr'>is</span> <span class='ocrx_word' id='word_1_329' title='bbox 1277 3660 1527 3701; x_wconf 87' lang='lat' dir='ltr'>henceforth</span> <span class='ocrx_word' id='word_1_330' title='bbox 1556 3661 1709 3713; x_wconf 89' lang='lat' dir='ltr'>chiefly</span> <span class='ocrx_word' id='word_1_331' title='bbox 1728 3662 1929 3714; x_wconf 87' lang='lat' dir='ltr'>occupied</span> <span class='ocrx_word' id='word_1_332' title='bbox 1957 3663 2061 3704; x_wconf 88' lang='lat' dir='ltr'>with</span> <span class='ocrx_word' id='word_1_333' title='bbox 2091 3664 2238 3705; x_wconf 83' lang='lat' dir='ltr'>details</span> 
     </span>
     <span class='ocr_line' id='line_1_42' title="bbox 316 3715 1707 3769; baseline 0 -13"><span class='ocrx_word' id='word_1_334' title='bbox 316 3715 362 3756; x_wconf 87' lang='lat' dir='ltr'>of</span> <span class='ocrx_word' id='word_1_335' title='bbox 385 3715 608 3756; x_wconf 88' lang='lat' dir='ltr'>Northern</span> <span class='ocrx_word' id='word_1_336' title='bbox 630 3715 766 3756; x_wconf 85' lang='lat' dir='ltr'>affairs</span> <span class='ocrx_word' id='word_1_337' title='bbox 787 3715 925 3757; x_wconf 89' lang='lat' dir='ltr'>which</span> <span class='ocrx_word' id='word_1_338' title='bbox 944 3728 1014 3756; x_wconf 89' lang='lat' dir='ltr'>are</span> <span class='ocrx_word' id='word_1_339' title='bbox 1034 3715 1265 3756; x_wconf 84' lang='lat' dir='ltr'>unnoticed</span> <span class='ocrx_word' id='word_1_340' title='bbox 1285 3716 1340 3768; x_wconf 91' lang='lat' dir='ltr'>by</span> <span class='ocrx_word' id='word_1_341' title='bbox 1360 3716 1455 3756; x_wconf 87' lang='lat' dir='ltr'>that</span> <span class='ocrx_word' id='word_1_342' title='bbox 1474 3716 1707 3769; x_wconf 83' lang='lat' dir='ltr'>authority.</span> 
     </span>
    </p>
   </div>
  </div>
 </body>
</html>
