2384 4126
821 383 1069 418 AUCTORE
1108 382 1394 417 ANoNYMo.
1970 370 2068 418 155

153 515 350 575 datam,
377 518 431 563 et
456 517 643 563 contra
666 510 769 562 hoc
794 515 1001 577 patrem
1028 527 1186 560 suum
1213 508 1350 560 nihil
1374 526 1548 575 agere,
1571 508 1805 559 adunato
1833 509 2071 559 exercitu

153 584 646 652 Northymbrorum
673 589 726 633 et
751 581 1174 633 Eboracensium
1211 598 1322 632 non
1354 598 1516 647 parva
1551 598 1731 643 manu,
1762 581 2072 631 Scottorum

154 656 557 707 multitudinem
597 672 733 722 pene
773 660 945 705 totam
988 653 1275 715 interfecit,
1317 653 1432 720 ipso
1470 669 1595 718 rege
1629 651 1717 702 vix
1754 669 1849 718 per
1889 651 2073 717 fugam

154 745 277 778 cum
316 727 499 808 paucis
540 727 811 778 evadente.
889 725 1306 777 Interfectorum
1345 741 1470 775 vero
1510 724 1684 790 capita
1725 722 2072 790 elegantiora,

156 799 408 861 crinibus,
450 799 587 850 sicut
613 805 746 849 tunc
771 797 1026 864 temporis
1053 814 1168 847 mos
1205 802 1336 859 erat,
1374 795 1655 863 perplexis,
1697 794 1825 846 fecit
1866 794 2072 845 Dunel-

155 889 306 921 mum
342 870 713 938 transportari,
752 887 919 936 eaque
955 887 985 919 a
1017 875 1247 935 quatuor
1282 867 1596 918 mulieribus
1622 866 1828 934 perlota
1853 884 1947 933 per
1973 866 2073 917 ci-r-

156 943 364 993 cuitum
398 960 675 993 murorum
708 941 767 992 in
801 940 1071 1008 stipitibus
1106 940 1338 1007 praefigi3
1381 939 1696 989 mulieribus
1735 944 1916 989 autem
1957 955 2074 1004 quae

155 1033 217 1065 ea
241 1015 480 1065 laverant
506 1013 807 1065 mercedem
842 1012 1100 1064 dederant
1125 1029 1329 1074 vaccas,
1370 1011 1596 1078 singulis
1634 1010 1889 1077 singulas.
1969 1010 2073 1060 His

157 1086 373 1148 auditis,
404 1104 499 1137 rex
533 1085 898 1148 AEthelredus,
938 1089 1127 1135 vocato
1162 1084 1229 1134 ad
1264 1101 1319 1135 se
1349 1083 1546 1150 juvene
1587 1082 1825 1149 praefato,
1864 1081 2076 1133 vivente

157 1158 330 1209 adhuc
355 1163 506 1225 patre
530 1156 822 1220 Waltheof,
849 1173 944 1224 pro
970 1155 1163 1207 merito
1190 1174 1299 1206 suae
1326 1154 1660 1206 strenuitatis
1687 1160 1739 1204 et
1764 1153 1907 1205 bello
1933 1153 2076 1220 quod

155 1235 269 1280 tam
294 1229 518 1281 viriliter
542 1235 836 1296 peregerat,
864 1228 1011 1279 dedit
1038 1227 1429 1279 eivcomitatum
1455 1226 1622 1293 patris
1649 1226 1748 1288 sui,
1778 1226 2074 1293 adjungens

155 1301 319 1353 etiam
361 1301 780 1352 Eboracensium
823 1299 1157 1351 comitatum.
1235 1300 1500 1350 Reversus
1545 1304 1725 1349 autem
1764 1297 2076 1349 Ucthredus

155 1374 377 1424 domum
403 1373 569 1423 filiam
594 1372 801 1423 Alduni
827 1371 1059 1439 episcopi
1094 1370 1298 1421 dimisit
1313 1392 1329 1433 3
1367 1375 1420 1422 et
1447 1370 1573 1437 quia
1607 1387 1724 1421 eam
1760 1376 1948 1420 contra
1973 1369 2075 1420 hoc

158 1445 300 1512 quod
349 1445 665 1512 promiserat
715 1450 768 1495 et
807 1444 1081 1511 juraverat
1126 1442 1336 1511 abjecit,
1382 1448 1533 1509 pater
1575 1442 1785 1509 puellae,
1830 1441 2076 1491 videlicet

157 1517 451 1584 episcopus,
478 1522 647 1567 terras
673 1515 1004 1583 supradictas
1032 1514 1265 1566 ecolesiae
1292 1532 1422 1580 quas
1449 1531 1572 1564 cum
1606 1531 1668 1564 ea
1694 1513 1982 1564 donaverat
2010 1513 2075 1563 ab

159 1589 436 1639 Ucthredo
476 1587 692 1654 recepit.
769 1586 1023 1648 Dimissa,
1066 1586 1204 1637 sicut
1255 1585 1460 1636 dictum
1510 1590 1608 1647 est,
1661 1585 1895 1651 episcopi
1945 1584 2073 1647 filia,

158 1660 484 1722 UcthredUS,
522 1659 647 1710 civis
674 1658 871 1721 divitis,
910 1657 1127 1708 nomine
1163 1658 1292 1725 Styr
1325 1657 1424 1707 filii
1457 1656 1600 1719 Vlfix
1638 1657 1819 1718 filiam,
1859 1656 2076 1706 nomine

158 1732 339 1799 Sigen,
376 1731 528 1782 duxit
567 1747 809 1791 uxorem,
852 1747 1012 1796 quam
1052 1734 1204 1796 pater
1245 1747 1372 1779 suus
1411 1727 1533 1778 ideo
1570 1727 1619 1778 61
1658 1728 1805 1778 dedit
1846 1734 1908 1777 ut
1943 1728 2075 1777 Tur-

154 1804 420 1854 brandum
470 1802 573 1853 sibi
621 1801 1052 1852 inimicissimum
1101 1800 1442 1851 interficeret.
1543 1800 1739 1850 Postea
1788 1816 1913 1850 vero
1963 1799 2075 1861 illo,

154 1875 359 1926 scilicet
384 1874 676 1936 Vcthredo,
718 1873 1029 1940 proficiente
1054 1872 1225 1939 magis
1253 1877 1306 1923 et
1341 1871 1511 1938 magis
1538 1871 1596 1921 in
1621 1889 1678 1922 re
1704 1870 1944 1933 militari,
1983 1889 2077 1921 rex

155 1946 501 1997 AEthelredus
528 1946 694 1996 filiam
717 1963 868 1996 suam
890 1944 1159 2011 Elfgivam
1185 1944 1229 1995 ei
1260 1943 1528 2011 copulavit
1547 1960 1785 1993 uxorem.
1864 1944 1946 1993 Ex
1974 1961 2078 2009 qua

154 2018 345 2070 habuit
372 2018 537 2069 filiam
564 2017 901 2097 Aldgitham,
944 2034 1106 2083 quam
1140 2022 1293 2082 pater
1326 2016 1382 2065 in
1419 2015 1730 2082 conjugium
1757 2014 1904 2065 dedit
1931 2015 2074 2065 Mal-

156 2090 320 2141 dredo
346 2090 456 2141 filio
484 2089 687 2141 Crinan
712 2089 842 2151 tein,
880 2106 943 2140 ex
970 2106 1076 2155 qua
1113 2087 1427 2138 Maldredus
1457 2086 1828 2154 Cospatricum
1870 2093 2077 2167 patrem

156 2162 418 2229 Dolphini
444 2166 497 2213 et
523 2161 793 2224 Walteofi,
821 2166 875 2211 et
901 2159 1216 2227 Cospatrici.
1294 2159 1488 2209 Filiam
1515 2165 1696 2209 autem
1712 2158 1919 2208 Alduni
1939 2159 2074 2224 epis-

158 2234 276 2301 copi
307 2251 468 2301 quam
495 2251 670 2284 comes
696 2232 1002 2283 Vcthredus
1031 2231 1322 2292 dimiserat,
1351 2230 1569 2297 quidam
1594 2230 1709 2280 tein
1735 2229 1792 2279 in
1823 2230 2075 2281 Euervic-

158 2306 319 2367 shire,
349 2305 560 2355 Kilvert
586 2304 727 2355 filius
756 2304 974 2370 Ligulfi,
998 2303 1200 2382 accepit
1221 2320 1458 2364 uxoiem,
1479 2302 1545 2352 de
1573 2319 1678 2368 qua
1699 2301 1885 2368 genuit
1911 2301 2077 2351 filiam

158 2376 376 2428 nomine
420 2376 705 2442 Sigridam,
749 2393 909 2442 quam
945 2374 1146 2441 accepit
1181 2391 1403 2425 uxorem
1429 2373 1588 2425 Arkil
1621 2373 1763 2422 filius
1789 2372 2075 2439 Ecgfridae,

158 2468 223 2500 ex
267 2467 371 2528 qua
415 2447 602 2515 genuit
644 2446 815 2496 filium
866 2446 1082 2496 nomine
1124 2445 1512 2512 Cospatricum.
1592 2444 1701 2497 Qui
1736 2444 2076 2511 Cospatricus

160 2520 363 2600 accepit
396 2536 618 2570 uxorem
655 2518 821 2568 filiam
858 2517 1062 2568 Dolfini
1100 2517 1196 2567 filii
1233 2516 1453 2578 Torfini,
1493 2516 1558 2566 de
1593 2534 1699 2583 qua
1733 2516 1919 2582 genuit
1946 2516 2075 2567 Cos-

159 2592 441 2659 patricum,
488 2590 581 2657 qui
622 2607 793 2656 nuper
837 2589 1092 2640 debuerat
1129 2606 1369 2655 pugnare
1412 2593 1598 2638 contra
1633 2586 1875 2638 Walteof
1906 2587 2077 2638 filium

161 2663 311 2715 Eilsi.
390 2663 618 2729 Kylvert
667 2662 809 2712 filius
859 2661 1059 2728 Ligulfi
1104 2660 1307 2711 dimisit
1357 2660 1524 2711 filiam
1574 2659 1781 2710 Alduni
1825 2659 2076 2726 episcopi,

161 2735 363 2786 scilicet
408 2734 734 2801 Ecgfridam,
782 2750 943 2800 quam
993 2732 1274 2813 episcopus
1319 2738 1471 2813 pater
1521 2731 1635 2799 ejus
1684 2731 1848 2798 jussit
1893 2732 2073 2782 statim

161 2806 495 2858 Dunelmum
519 2805 715 2857 venire.
795 2805 948 2867 Quae,
990 2804 1157 2872 patris
1196 2803 1279 2854 sui
1318 2803 1481 2871 jussis
1521 2803 1914 2883 obtemperans,
1956 2820 2079 2853 cum

161 2880 473 2940 Bermetun,
513 2883 566 2928 et
608 2845 1030 2943 Skirningheim,
1072 2882 1125 2927 et
1169 2876 1356 2937 Eltun,
1398 2894 1528 2943 quas
1566 2875 1624 2925 in
1663 2875 1877 2942 propria
1913 2893 2078 2925 manu

160 2950 408 3013 habebat,
459 2949 637 3012 rediit,
689 2955 742 3000 et
793 2948 1028 2999 ecclesiae
1072 2954 1126 2999 et
1171 2948 1417 3027 episcopo
1462 2965 1585 2998 suas
1634 2947 1873 3014 proprias
1910 2953 2078 2998 terras

161 3040 343 3073 secum
368 3021 562 3083 reddit,
605 3026 658 3072 et
684 3026 868 3100 postea
892 3021 1133 3071 velamen
1168 3020 1389 3086 accepit,
1427 3018 1568 3085 quod
1603 3025 1656 3069 et
1689 3018 1826 3070 bene
1852 3019 2079 3069 servavit

160 3112 328 3161 usque
355 3093 422 3144 ad
447 3099 747 3144 extremum
783 3092 866 3142 sui
900 3092 1043 3142 diem
1059 3112 1074 3153 3
1112 3098 1183 3154 et,
1220 3091 1465 3159 sepulta
1451 3109 1509 3141 in
1544 3090 1837 3141 coemiterio
1873 3091 2077 3141 Dunel-

162 3165 352 3227 mensi,
381 3165 522 3215 diem
547 3163 917 3215 retributionis
944 3169 1205 3230 expectat.

271 3237 351 3287 Ut
378 3242 558 3287 autem
584 3236 649 3287 de
674 3242 846 3286 morte
871 3235 1135 3286 Vcthredi
1170 3234 1380 3285 comitis
1407 3233 1617 3286 dicatur
1643 3232 1861 3300 aliquid,
1890 3233 2077 3300 paulu-

163 3307 277 3357 lum
304 3306 370 3357 ad
396 3307 667 3373 superiora
691 3306 1023 3358 redeundum
1050 3312 1147 3358 est.
1227 3306 1404 3357 Swein
1428 3324 1523 3357 rex
1556 3306 1855 3366 Danorum,
1894 3305 2080 3371 fugato

161 3379 219 3428 in
252 3378 646 3429 Normanniam
678 3396 803 3445 rege
838 3379 1141 3445 Anglorum
1182 3377 1491 3440 Ethelredo,
1528 3395 1756 3443 regnum
1795 3375 1961 3442 ipsius
1995 3375 2077 3424 in-

162 3450 314 3501 vasit.
394 3449 499 3500 Sed
537 3455 656 3516 post
688 3450 844 3501 breve
884 3456 1095 3517 tempus
1130 3450 1225 3500 illo
1259 3456 1491 3512 mortuo,
1531 3467 1624 3499 rex
1663 3447 1985 3499 Ethelredus
2022 3446 2080 3496 in

244 3568 406 3620 Styr,
426 3568 500 3608 the
520 3580 595 3607 son
616 3567 661 3607 of
677 3567 767 3618 Ulf,
787 3581 933 3608 occurs
952 3581 996 3608 as
1015 3582 1040 3608 a
1053 3568 1295 3608 benefactor
1315 3568 1360 3607 of
1376 3568 1450 3607 the
1470 3567 1631 3607 chuich
1652 3566 1698 3605 of
1715 3567 1773 3605 St.
1791 3564 2016 3614 Cuthbert
2037 3567 2082 3606 to

163 3624 301 3664 which
321 3624 375 3664 he
395 3635 498 3674 gave
518 3623 591 3662 the
612 3635 759 3662 manor
778 3623 824 3662 of
848 3623 1119 3674 Darlington,
1140 3623 1243 3662 with
1264 3623 1318 3661 its
1338 3625 1685 3683 appuitenanceS,
1714 3619 1796 3658 and
1823 3619 1946 3659 other
1964 3598 2082 3660 la'nds

165 3679 298 3730 (Hist.
320 3678 535 3727 Dunelm
556 3677 613 3717 iii.
619 3677 708 3729 5).
768 3677 857 3718 'Phe
877 3677 980 3718 deed
999 3678 1045 3717 of
1062 3677 1171 3729 gift
1162 3690 1197 3717 is
1216 3677 1414 3729 printed
1405 3689 1449 3716 1n
1470 3676 1555 3719 this
1574 3675 1755 3724 volume,
1775 3687 1844 3726 pp.
1867 3675 1965 3714 150-
1971 3677 2007 3715 1.
