2384 4126
721 371 847 405 vim
887 372 927 405 s.
970 371 1310 404 MARGARETAE
1351 371 1587 405 REGINAE.
2016 359 2120 407 235

200 495 302 546 hoc
353 501 406 547 et
457 496 571 563 ejus
617 496 833 548 dilectio
878 505 931 549 et
973 504 1145 549 vestra
1194 497 1361 565 exigit
1399 497 1590 565 jussio)
1640 497 1890 548 intimare
1936 497 2119 549 debeo.

201 567 391 618 Gratia
438 586 669 634 namque
724 570 908 620 Sancti
960 570 1207 637 Spiritus,
1261 586 1378 636 quae
1427 569 1509 619 illi
1558 568 1777 620 dederat
1833 570 2121 620 efficaciam

201 639 478 702 virtutum,
522 640 673 704 mihi,
712 646 774 690 ut
813 659 983 708 spero,
1031 641 1315 692 enarrandi
1353 659 1441 692 eas
1482 640 1932 691 sumministrabit
1971 641 2119 691 auxi-

198 710 348 760 lium.
402 712 656 763 Dominus
678 713 824 763 dabit
849 714 1057 764 verbum
1078 713 1556 781 evanyelizantibus
1576 722 1623 762 :w
1650 719 1703 763 et
1721 712 1936 772 iterum,
1958 714 2124 778 Aperi

198 800 254 832 os
281 788 441 845 tuum,
469 789 519 834 et
545 801 635 850 eqo
663 785 951 851 adimplebo
987 786 1161 836 illude
1234 786 1427 851 Neque
1469 783 1612 835 enim
1655 784 1851 851 poterit
1897 784 2120 835 deficere

196 853 395 916 Verbo,
436 854 529 921 qui
564 856 730 906 credit
770 856 828 906 in
853 857 1066 907 Verbo:
1107 858 1172 907 In
1201 857 1469 923 principio
1511 856 1645 906 enim
1687 861 1803 906 erat
1853 856 2120 906 Verbumst

198 925 267 975 In
304 926 490 992 primis
528 926 696 994 igitur
737 928 908 995 cupio,
951 935 1004 979 et
1039 946 1149 990 vos,
1193 935 1247 979 et
1286 928 1415 978 alios
1454 927 1587 978 scire
1625 945 1720 994 per
1744 945 1854 989 vos,
1895 927 2037 994 quod
2076 928 2118 977 si

196 998 392 1060 omnia,
440 1016 557 1065 quae
609 999 673 1050 de
713 999 808 1050 illa
856 1000 980 1050 novi
1030 1000 1384 1067 praedicanda,
1439 999 1614 1050 dicere
1660 998 1910 1061 conabor,
1951 998 2116 1061 vobis,

194 1075 411 1135 propter
435 1070 594 1136 regiae
622 1071 901 1138 dignitatis
929 1072 1149 1139 apicem,
1178 1072 1235 1122 in
1255 1071 1441 1122 matris
1468 1071 1626 1122 laude
1649 1070 1855 1121 adulari
1874 1070 2115 1137 putabor.

198 1141 303 1191 Sed
330 1142 516 1208 procul
550 1142 688 1193 absit
732 1162 763 1194 a
795 1162 915 1194 mea
947 1144 1166 1206 canicie,
1194 1144 1481 1194 virtutibus
1517 1149 1683 1193 tantae
1718 1142 1932 1194 feminae
1968 1161 2118 1194 men-

195 1213 335 1262 dacii
362 1214 564 1264 crimen
600 1215 905 1266 admiscere.
984 1216 1053 1266 In
1094 1216 1285 1282 quibus
1330 1215 1673 1282 exponendis,
1717 1215 1834 1265 Deo
1878 1221 2016 1266 teste
2058 1233 2119 1266 ac

189 1284 390 1351 judice,
428 1287 680 1351 profiteor
712 1305 798 1338 me
836 1287 990 1350 nihil,
1031 1306 1190 1354 supra
1226 1288 1281 1338 id
1320 1287 1463 1354 quod
1503 1292 1599 1348 est,
1641 1286 1861 1348 addere,
1904 1287 2014 1347 sed,
2052 1306 2119 1338 ne

195 1356 529 1407 incredibilia
547 1358 844 1421 videantur,
871 1360 1045 1410 multa
1071 1359 1284 1410 silentio
1310 1358 1639 1426 supprimere
1656 1379 1671 1420 3
1700 1376 1785 1420 ne,
1807 1358 1964 1426 juxta
1982 1359 2119 1409 illud

194 1429 454 1492 OratoriS,
484 1430 748 1482 cornicem
779 1431 926 1482 dicar
952 1431 1170 1499 cignaeis
1198 1431 1462 1483 coloribus
1491 1430 1789 1481 adornare}

992 1620 1345 1686 (CAPITULA.)“

308 1745 355 1795 Ι.
402 1746 552 1804 Quod
574 1746 883 1812 Maryarita
918 1747 1102 1813 reyina
1128 1747 1315 1813 effectu
1342 1747 1513 1813 operis
1546 1748 1836 1798 servaverit
1878 1747 2113 1798 decorem

478 1818 717 1868 nominis.
1440 1843 1442 1846 ·

280 1889 358 1938 II.
406 1889 570 1947 Quam
596 1890 755 1940 nobili
771 1891 1030 1956 prosapia
1052 1891 1411 1957 ⁸qenealoyiam
1440 1891 1668 1942 duxerit.

248 1961 358 2011 III.
406 1961 643 2019 Qualiter
668 1962 723 2011 in
738 1963 919 2027 prima
945 1969 1098 2014 (etate
1125 1964 1350 2028 coeperit,
1395 1968 1445 2014 et
1471 1966 1527 2014 in
1561 1965 1805 2014 honorem
1848 1964 2115 2015 sullimata

477 2035 669 2084 honore
695 2052 796 2084 non
823 2035 1081 2085 delectata
1096 2035 1287 2101 fuerit.

259 2105 358 2155 IV.
406 2105 555 2163 Quod
576 2106 633 2156 in
659 2108 767 2157 loco
794 2107 1096 2172 nuptiarum
1123 2108 1392 2158 ecclesiam
1418 2108 1662 2167 erexerit,
1692 2113 1742 2158 et
1775 2108 2111 2157 ecclesiarum

478 2183 782 2228 ornamenta
810 2196 963 2244 quam
989 2180 1219 2229 studiose
1235 2179 1539 2244 proeparari
1564 2179 1778 2244 fecerit,
1819 2185 2113 2245 quantoque

475 2250 824 2300 moderamine
849 2268 903 2300 se
927 2267 1146 2316 suosque
1166 2251 1551 2317 yubernaverit.

294 2320 363 2370 V.
415 2320 728 2388 [Quomodo]
754 2321 862 2386 filii
887 2323 1096 2373 honeste
1134 2322 1345 2389 [nutriti
1370 2322 1526 2388 sint].

263 2392 365 2442 VI.
417 2392 632 2459 [Quam]
686 2394 922 2444 studiosa
960 2393 1134 2460 fuerit
1184 2395 1239 2444 in
1281 2394 1496 2444 lectione
1547 2392 1875 2460 [quoer]endo
1916 2394 1973 2445 in
2010 2396 2109 2445 hac

473 2482 575 2515 non
600 2466 764 2516 solum
790 2483 955 2528 suam,
982 2466 1077 2516 sed
1099 2466 1257 2516 etiam
1284 2467 1506 2516 aliorum
1531 2467 1767 2516 salutem.

235 2535 371 2585 VII.
416 2536 678 2597 ,Quantum
707 2538 909 2588 decor-is
935 2543 985 2588 et
1004 2539 1188 2604 ylorioe
1215 2555 1371 2604 reyno
1401 2538 1698 2588 Scottorum
1725 2537 2018 2588 contulerit.

204 2607 370 2658 VIII.
417 2608 676 2666 Quomodo
732 2609 1067 2675 [correa’erit]
1116 2627 1176 2660 ea
1223 2626 1332 2676 quce
1378 2615 1561 2660 contra
1599 2608 1764 2673 fidem
1815 2614 1865 2659 et
1914 2615 2109 2660 sanctoe

475 2681 702 2731 ecclesioe
741 2682 1157 2732 consuetudinem
1193 2682 1434 2749 ayebant,
1476 2687 1526 2732 et
1567 2682 1639 2731 ad
1672 2682 1905 2747 requiam
1956 2681 2107 2749 [cele-

474 2752 650 2818 brare]
689 2753 1091 2820 con[sueverit].

270 2823 370 2874 IX.
431 2823 689 2881 Quantum
735 2826 1114 2891 compunctioni
1158 2830 1208 2876 et
1249 2823 1506 2887 orationi,
1544 2825 1765 2892 jejunioe
1810 2842 2007 2891 quoque
2059 2831 2108 2876 et

470 2896 841 2947 misericordiae
870 2898 1048 2948 dedita
1062 2897 1236 2962 fuerit
1263 2898 1518 2963 operibus.

303 2965 369 3017 X.
418 2967 656 3025 Qualiter
705 2974 825 3019 ante
869 2969 1200 3020 Dominicum
1250 2971 1449 3020 Natale
1494 2975 1544 3020 et
1585 2970 1641 3020 in
1689 2969 2102 3036 Quadraffesima

470 3040 632 3090 vitam
660 3042 981 3092 consueverit
1009 3042 1212 3092 ducere.

268 3110 366 3160 XI.
414 3110 564 3169 Quod
585 3112 641 3162 in
667 3113 1014 3163 testimonium
1040 3119 1236 3164 sanctce
1271 3113 1684 3164 conversationis
1719 3114 1830 3178 ejus
1857 3112 2105 3178 quiddam

469 3182 726 3234 Dominus
752 3185 1053 3236 ostenderit.

261 3335 284 3352 ω
312 3328 453 3369 Psalm
473 3330 590 3371 lxvii.
612 3335 676 3372 12.
954 3341 974 3358 ‘¹'
1002 3334 1143 3375 Psalm
1162 3335 1336 3376 lxxxvii.
1359 3338 1424 3376 10.
1700 3343 1720 3368 y
1751 3333 1791 3375 S.
1813 3333 1844 3373 J
1848 3333 1914 3374 oh.
1935 3333 1962 3373 i.
1986 3336 2022 3373 1.

266 3390 280 3406 ²
312 3384 336 3422 I
357 3387 513 3425 cannot
533 3386 667 3438 verify
688 3386 775 3428 this
794 3388 1019 3430 reference.

262 3444 279 3460 α
310 3439 400 3478 The
420 3440 600 3480 sections
619 3444 664 3481 to
683 3442 822 3482 which
843 3444 961 3484 these
981 3444 1168 3496 capitula
1186 3445 1307 3495 refer,
1336 3445 1442 3485 have
1468 3444 1571 3485 each
1590 3444 1636 3484 in
1655 3444 1729 3483 the
1749 3442 1843 3483 MS.
1864 3455 1888 3482 a
1907 3441 2106 3482 coloured

178 3491 318 3532 init-ia]
337 3493 475 3535 letter.
535 3495 590 3534 In
606 3496 680 3536 the
695 3497 867 3547 printed
886 3501 978 3538 text
993 3499 1160 3539 Roman
1176 3500 1391 3540 numerals
1406 3500 1512 3540 have
1527 3500 1634 3539 been
1653 3498 1851 3549 prefixed.
1910 3496 1964 3535 In
1985 3496 2106 3535 three

177 3547 300 3587 other
318 3548 456 3598 places
478 3548 637 3589 similar
656 3551 854 3592 coloured
872 3553 1019 3594 letters
1033 3567 1102 3594 are
1122 3555 1267 3605 placed
1286 3558 1329 3594 at
1344 3555 1418 3594 the
1434 3554 1796 3594 commencement
1815 3551 1861 3591 of
1877 3553 2106 3599 sentences,

176 3614 221 3640 as
255 3603 451 3653 specified
485 3604 532 3643 in
565 3605 641 3645 the
675 3609 809 3647 notes.
882 3608 972 3648 'Phe
1010 3609 1161 3649 blanks
1198 3609 1245 3648 in
1277 3610 1352 3649 the
1385 3609 1572 3660 capitula
1604 3620 1674 3647 are
1708 3606 1901 3657 supplied
1936 3605 2107 3655 (within

177 3657 390 3707 brackets)
414 3658 523 3699 from
544 3661 876 3713 corresponding
897 3675 1090 3715 passages
1110 3663 1156 3703 in
1176 3664 1250 3704 the
1271 3663 1451 3704 sections
1470 3668 1516 3703 to
1536 3662 1674 3702 which
1694 3662 1797 3713 they
1818 3661 1938 3701 refer.
