2384 4126
858 405 1113 439 HISTORIA
1153 405 1362 439 REGUM.
2004 393 2071 442 53

158 529 492 596 agminibus,
533 530 624 597 qui
657 530 823 581 latam
865 536 918 581 et
954 531 1241 597 spatiosam
1267 531 1404 581 viam
1444 530 1756 598 arripientes
1784 531 2073 583 descende-

155 607 283 651 runt
307 602 365 652 in
390 602 712 669 profundum
737 602 856 653 laci.
943 604 1092 652 Viam
1127 603 1414 668 disciplinoe
1449 604 1761 665 nescierant,
1804 622 1897 654 nec
1923 605 2073 655 intel-

157 675 393 724 leoeerant
417 674 629 724 semitas
656 676 765 740 ejus
784 697 798 724 .·
841 692 872 724 a
886 673 1035 739 facie
1061 675 1268 725 illoram
1296 676 1441 740 longe
1454 673 1612 739 faeta
1639 681 1757 725 est.a

264 745 418 795 Bello
461 751 676 811 peracto
721 745 968 811 glorioso,
1019 763 1171 812 reges
1223 751 1276 796 et
1320 745 1492 795 omnis
1543 746 1768 812 populus
1811 746 2074 797 immenso

156 816 392 882 repletus
433 823 511 867 est
544 816 798 882 tripudio,
839 816 1081 867 videntes
1125 818 1404 867 Danorum
1447 816 1632 883 fugam
1675 824 1728 868 et
1768 818 2072 884 Anglorum

159 888 531 938 constantiam.
608 889 736 938 Post
754 888 1153 954 quatuordecim
1172 888 1378 939 dierum
1397 906 1694 952 excursum,
1712 907 1805 940 rex
1821 890 2079 940 Ethelred

155 959 642 1026 praestantissimus,
681 959 935 1026 ignorans
980 978 1179 1010 annum
1217 960 1409 1027 jubilei
1454 960 1650 1011 habere
1688 961 2074 1023 remissionem,

159 1031 372 1099 adjutus
417 1031 725 1082 fidelissimo
771 1032 966 1081 auxilio
1015 1032 1195 1082 fratris
1245 1032 1345 1094 sui,
1398 1032 1733 1082 coadunavit
1765 1033 2074 1095 exercitum,

159 1103 499 1169 congregavit
545 1103 727 1169 spolia,
774 1103 1056 1170 divisitque
1109 1121 1255 1153 arma
1306 1110 1358 1154 et
1410 1103 1548 1153 dona
1591 1105 1917 1171 perplurima
1967 1105 2076 1155 suis

158 1174 628 1225 commilitonibus.
708 1175 959 1225 Sciebant
1002 1193 1097 1241 pro
1142 1182 1286 1226 certo
1320 1175 1420 1241 ipsi
1460 1175 1721 1242 principes
1762 1177 2077 1243 populorum

157 1246 340 1296 beatas
374 1246 486 1296 fore
519 1246 862 1312 respublicas,
910 1246 953 1296 si
995 1264 1082 1297 eas
1122 1247 1205 1297 vel
1241 1247 1465 1297 studiosi
1503 1247 1776 1313 sapientiae
1810 1255 2075 1315 regerent,

158 1318 243 1368 vel
301 1318 345 1368 si
395 1335 577 1368 earum
625 1324 857 1368 rectores
910 1318 1123 1369 studere
1179 1318 1451 1384 sapientiae
1513 1319 1839 1385 contigisset.
1936 1321 2077 1370 Con-

161 1389 367 1456 gregati
398 1395 522 1439 sunt
555 1407 768 1439 rursum
804 1389 870 1439 ad
906 1389 1108 1440 bellum
1143 1389 1309 1455 Angli
1344 1396 1502 1456 atque
1537 1391 1696 1453 Dani,
1730 1391 1920 1457 quibus
1956 1409 2079 1441 cum

161 1461 504 1511 durissimum
531 1466 668 1511 esset
693 1460 904 1511 illatum
924 1461 1105 1524 robur,
1127 1461 1329 1527 Pagani
1348 1461 1625 1512 victoriam
1650 1480 1812 1529 prope
1840 1481 2077 1530 assump-

160 1539 359 1583 serunt.

269 1603 473 1654 Eodem
498 1620 622 1654 vero
650 1621 789 1654 anno
814 1621 905 1654 rex
933 1603 1209 1665 Ethelred,
1245 1603 1435 1670 plenus
1462 1610 1619 1655 aetate
1647 1610 1700 1655 et
1728 1605 1992 1672 perfectus
2018 1606 2075 1655 in

160 1674 418 1737 bonitate,
460 1681 579 1741 post
606 1675 1055 1741 perpetrationem
1090 1675 1384 1741 insignium
1423 1675 1706 1737 bellorum,
1738 1676 1932 1727 futurae
1958 1677 2080 1727 vitae

161 1753 215 1797 et
240 1746 482 1813 perpetui
506 1746 660 1812 regni
693 1746 1005 1796 felicitatem
1033 1746 1192 1812 coepit
1218 1746 1396 1796 videre
1425 1764 1545 1796 cum
1584 1747 1731 1814 Rege
1765 1748 2079 1798 saeculorum

159 1817 217 1867 in
254 1823 396 1868 terra
430 1817 739 1868 viventium.
820 1817 1106 1867 Subtracto
1149 1817 1214 1867 ab
1259 1817 1361 1867 hoc
1406 1818 1599 1869 saeculo
1640 1837 1765 1885 rege
1806 1820 2078 1885 praedicto,

161 1906 284 1939 mox
310 1889 559 1939 Elfredus
586 1907 616 1939 a
642 1888 866 1939 ducibus
894 1899 946 1939 et
973 1907 1003 1938 a
1029 1889 1344 1955 praesulibus
1370 1890 1535 1940 totius
1562 1891 1738 1956 gentis
1765 1891 1997 1957 eligitur,
2028 1899 2081 1942 et

161 1978 270 2011 non
297 1961 469 2011 solum
496 1960 561 2011 ab
588 1960 716 2027 ipsis
742 1978 927 2011 verum
954 1960 1115 2010 etiam
1144 1961 1208 2011 ab
1236 1961 1383 2011 omni
1408 1962 1604 2028 populo
1641 1962 1892 2012 adoratur
1917 1969 1978 2013 ut
2006 1964 2081 2014 eis

160 2038 407 2099 praeesset
436 2033 508 2082 ad
529 2031 837 2097 faciendam
862 2033 1150 2083 vindictam
1175 2034 1231 2083 ia
1261 2033 1577 2096 nationibus,
1620 2036 2002 2100 increpationes
2027 2037 2082 2087 in

150 2103 401 2170 populis.⁶
474 2104 685 2171 Adepto
716 2104 869 2170 regni
901 2104 1263 2170 gubernaculo
1288 2105 1456 2154 totius
1493 2105 1667 2171 gentis
1694 2124 1901 2172 semper
1925 2107 2079 2157 belli-

162 2194 315 2227 cosus
358 2175 585 2237 refulsit,
632 2181 685 2226 et
726 2175 894 2225 victor
932 2175 991 2224 in
1035 2176 1284 2226 omnibus
1324 2176 1498 2238 belliS,
1545 2176 1761 2227 fortuna
1812 2178 2079 2230 arridente

163 2248 481 2314 Christoque
507 2247 754 2297 faciente.
821 2247 1123 2297 Rebellavit
1150 2253 1336 2297 contra
1356 2265 1478 2298 eum
1504 2249 1791 2314 praedictus
1818 2251 2080 2301 exercitus

161 2320 291 2370 satis
328 2319 599 2379 acerrime,
643 2319 734 2384 qui
763 2318 1063 2384 Anglorum
1099 2318 1371 2369 intuentes
1411 2320 1797 2382 austeritatem,
1839 2328 1892 2371 et
1928 2340 2079 2373 suam

163 2396 543 2458 cognoscentes
585 2389 1028 2451 imbecillitatem,
1067 2396 1220 2456 terga
1258 2390 1316 2439 in
1359 2390 1542 2456 fugam
1583 2398 1875 2442 verterunt.
1955 2394 2078 2456 Sed,

160 2462 294 2529 proh
321 2460 501 2511 dolor!
542 2479 636 2528 per
672 2461 1027 2512 audacitatem
1062 2462 1493 2528 persequentium
1521 2463 1736 2523 reversi,
1763 2481 1976 2514 rursum
2014 2466 2081 2515 ad

160 2534 401 2601 praelium
453 2539 578 2582 sunt
627 2533 913 2599 provocati,
975 2534 1244 2599 capientes
1293 2533 1528 2584 victoriae
1577 2553 1792 2597 munus,
1859 2542 1912 2585 et
1962 2536 2079 2587 1000

158 2605 363 2656 funeris
389 2610 514 2654 sunt
541 2604 816 2654 dominati.
894 2604 1020 2671 Ipso
1052 2622 1259 2671 quoque
1291 2622 1430 2668 anno
1467 2606 1703 2656 Saxones
1731 2624 1852 2656 cum
1879 2607 2078 2659 eisdem

160 2675 391 2743 Paganis
416 2676 560 2742 pacis
595 2675 930 2726 concordiam
967 2676 1303 2744 pepigerunt,
1341 2694 1403 2727 ea
1435 2676 1643 2729 ratione
1679 2684 1741 2728 ut
1777 2678 1842 2729 ab
1870 2679 1945 2729 eis
1972 2680 2077 2730 dis-

159 2749 447 2800 cederent.⁰

969 2878 1274 2912 DCCCLXXII.

267 2968 428 3017 Anno
454 2965 750 3017 Dominicae
775 2965 1160 3017 incarnationis
1195 2967 1498 3035 Dccc.lxxij,
1540 2968 1839 3019 nativitatis
1874 2970 2080 3022 Elfredi

160 3038 301 3106 regis
344 3037 491 3105 xxiij,
541 3037 792 3104 praefatus
835 3038 1172 3104 Paganorum
1226 3039 1489 3090 exercitus
1540 3040 1877 3091 Londoniam
1929 3043 2078 3106 adiit,

161 3111 339 3178 ibique
364 3109 620 3160 hiemavit
636 3130 651 3171 3
693 3127 816 3160 cum
842 3126 946 3176 quo
972 3110 1170 3161 Mercii
1194 3128 1380 3178 pacem
1406 3110 1768 3178 pepigerunt.d

954 3288 1286 3322 DCCCLXXIII.

270 3371 430 3418 Anno
455 3368 780 3436 Decclxxiij,
821 3369 1119 3420 nativitatis
1155 3375 1335 3421 autem
1361 3370 1569 3422 Elfredi
1596 3372 1738 3438 regis
1764 3373 2083 3440 Anglorum⁶

164 3437 329 3505 xxiiij,
392 3446 896 3506 saepe-memoratus
953 3441 1216 3492 exercitus
1282 3442 1621 3493 Londoniam
1684 3444 1949 3506 deserens,
2017 3445 2084 3495 ad

331 3576 349 3593 α
377 3570 561 3620 Baruch,
591 3571 666 3620 111.,
696 3575 763 3621 20,
785 3575 850 3612 21.
1184 3573 1200 3597 '¹
1229 3574 1373 3613 Psalm
1392 3574 1516 3614 cxliX.
1539 3574 1577 3616 7.

332 3628 348 3645 ⁶
376 3623 448 3662 All
467 3624 552 3664 this
572 3625 607 3665 is
625 3626 753 3666 taken
774 3627 883 3667 from
902 3626 1042 3678 Asser,
1071 3628 1151 3669 but
1169 3628 1205 3667 is
1224 3641 1327 3680 very
1347 3628 1541 3680 diffusely
1560 3629 1851 3679 paraphrased.

332 3676 351 3700 ‘¹
380 3677 518 3717 Asser.
1141 3702 1145 3705 >
1177 3689 1193 3707 ²
1223 3683 1325 3722 This
1343 3684 1457 3722 word
1476 3683 1512 3722 is
1530 3683 1771 3723 interlined.
