2384 4126
728 397 796 432 DE
835 395 1284 431 Ancnmmscorls
1323 395 1481 431 EBOR.
1956 384 2058 433 133

155 526 229 592 (111
292 523 581 591 partibus)'⁸
630 523 958 585 demorante,
1023 527 1361 573 consecratus
1428 527 1510 572 est
1574 521 1632 571 in
1697 521 2061 589 episcopatum

144 596 493 647 Eboracensis
522 595 775 646 ecclesiae⁰
801 594 1014 645 Ceadda
1028 616 1043 657 3
1078 601 1148 657 et,
1169 593 1342 644 tribus
1365 594 1518 644 annis
1546 592 1846 643 sublimiter
1869 611 2059 659 regens

145 667 441 730 ecclesiam,
482 667 674 718 dehinc
701 666 768 717 ad
792 665 1177 717 monasterium
1204 683 1362 715 suum
1387 665 1445 715 in
1471 664 1799 731 Lestingaen
1825 664 2060 727 secessit,

146 739 436 805 accipiente
476 738 744 806 Wylfrido
781 738 1154 805 pontificatum
1191 737 1355 787 totius
1399 736 1895 804 Northymbrorum
1938 753 2059 803 pro-

144 810 348 861 vinciae.
443 810 677 873 Interea,
730 816 944 860 mortuo
987 827 1112 876 rege
1162 808 1396 871 Oswino,
1448 808 1702 858 successit
1752 807 1894 858 filius
1946 808 2061 875 ejus

144 881 396 948 ngridus
438 882 495 932 in
537 899 782 948 regnum.
880 880 990 933 Qui
1034 887 1153 947 post
1198 879 1410 931 beatam
1453 879 1844 941 Etheldridam,
1899 897 2060 946 quam

145 953 360 1004 nomine
400 960 556 1004 tenus
597 954 879 1020 conjugem
907 952 1078 1020 primo
1105 952 1345 1014 duxerat,
1384 951 1814 1018 Ermenburgam
1841 951 2062 1001 sortitus

145 1031 226 1076 est
251 1025 309 1074 in
334 1025 755 1075 matrimonium.
833 1025 902 1074 In
940 1024 1091 1092 cujus
1128 1023 1285 1074 corde
1319 1023 1586 1090 malignus
1613 1022 1783 1073 hostis
1812 1023 1913 1073 sibi
1938 1022 2058 1073 hos-

144 1096 339 1164 pitium
357 1096 571 1159 fecerat,
595 1096 686 1147 ubi
707 1096 949 1147 odiorum
970 1102 1023 1146 et
1049 1095 1261 1146 invidiae
1282 1102 1468 1146 contra
1493 1095 1712 1146 beatum
1731 1094 2062 1162 Wylfridum

145 1168 426 1219 conficiens
453 1168 707 1231 fomenta,
746 1186 840 1235 per
863 1167 1104 1234 linguam
1131 1167 1369 1217 mulieris
1393 1166 1629 1218 incendit
1657 1166 1896 1217 animum
1921 1167 2063 1233 regis

146 1249 339 1306 usqueP
371 1240 735 1307 expulsionem
771 1239 1054 1307 pontificis.
1134 1239 1239 1289 Sed
1274 1239 1398 1305 quia
1422 1256 1515 1289 rex
1540 1238 1849 1305 pontificem
1875 1238 1941 1289 de
1969 1257 2064 1289 sua

147 1312 269 1362 sede
297 1318 487 1379 praeter
514 1329 829 1362 consensum
854 1310 1118 1361 Theodori
1157 1310 1537 1377 archiepiscopi
1567 1310 1761 1377 pellere
1787 1310 2060 1377 nequibat,

147 1383 419 1433 mandavit
465 1383 860 1450 archiepiscopo
900 1389 961 1432 ut
1007 1382 1228 1433 adesset.
1305 1382 1521 1432 Auditis
1565 1400 1694 1448 quas
1732 1388 2063 1433 accusatores

146 1455 412 1505 finxerant
434 1455 622 1517 causis,
650 1455 834 1521 pulsus
861 1461 940 1505 est
969 1454 1033 1504 ab
1061 1454 1368 1520 episcopatu
1393 1453 1692 1521 Wylfridus
1721 1471 1861 1504 anno
1889 1453 1954 1504 ab
1980 1454 2061 1503 in-

148 1526 454 1577 carnatione
482 1526 703 1577 Domini
730 1525 1020 1592 Dc.lxxviij,
1045 1526 1136 1592 qui
1162 1531 1243 1576 est
1269 1543 1440 1575 annus
1469 1525 1552 1575 sui
1578 1525 1910 1592 episcopatus
1932 1525 2062 1575 duo-

147 1598 400 1660 decimus,
458 1604 511 1648 et
554 1616 648 1664 per
691 1597 1008 1648 decennium
1062 1596 1309 1647 exulavit.
1404 1596 1651 1646 Secundo
1703 1614 1843 1647 anno
1892 1597 2065 1663 regniq

147 1669 398 1732 Aldfridi,
440 1669 530 1736 qui
564 1675 686 1736 post
721 1669 941 1719 fratrem
967 1668 1254 1734 ngridum
1279 1668 1538 1734 regnavit,
1579 1668 1757 1718 sedem
1784 1674 1837 1718 et
1864 1668 2064 1734 episco-

147 1747 333 1807 patum
373 1741 589 1807 recepit.
670 1740 776 1791 Sed
815 1745 935 1807 post
974 1740 1209 1806 quinque
1242 1757 1409 1790 annos
1445 1739 1638 1801 denuo,
1680 1745 1960 1790 accusatus
1999 1739 2067 1790 ab

146 1812 333 1862 eodem
359 1830 482 1879 rege
509 1818 561 1862 et
587 1811 830 1879 plurimis
859 1811 1136 1878 episcopis,
1176 1811 1468 1878 praesulatu
1498 1811 1681 1878 pulsus
1709 1817 1806 1862 est.
1884 1811 2065 1862 Tertio

145 1883 352 1934 decimo
380 1884 623 1934 secundae
650 1883 976 1950 expulsionis
1003 1901 1112 1934 811εο
1134 1900 1274 1933 anno
1298 1883 1842 1949 Haugustaldensemr
1866 1883 2068 1950 recepit

146 1955 528 2022 episcopatum,
568 1955 724 2006 beato
764 1956 797 2005 J
801 1955 1010 2006 ohanne
1046 1954 1159 2022 jam
1198 1972 1294 2021 pro
1327 1954 1582 2005 defuncto
1616 1956 1798 2005 Bosan
1836 1955 2067 2005 Eboraci

147 2027 454 2078 substituto.
527 2027 775 2079 Quatuor
793 2033 914 2094 post
934 2026 1046 2078 haec
1064 2026 1218 2077 annis
1238 2026 1526 2094 supervixit
1544 2026 1731 2077 beatus
1748 2026 2065 2095 Wylfridus,

145 2098 347 2150 habens
391 2099 448 2149 in
489 2098 796 2166 episcopatu
836 2098 925 2149 xlv
960 2116 1142 2149 0111108.
1220 2098 1349 2149 Post
1391 2116 1550 2165 quem
1595 2098 1827 2165 suscepit
1864 2116 2063 2166 praesu-

145 2170 316 2221 latum
346 2170 830 2237 Haugustaldensis
858 2170 1092 2221 ecclesiae
1117 2170 1432 2221 venerabilis
1459 2170 1575 2237 ejus
1601 2170 1862 2237 presbiter
1887 2171 2068 2221 Acca.³

149 2242 349 2292 Beatus
374 2260 498 2293 vero
526 2243 559 2292 J
563 2242 816 2304 ohannes,
857 2259 978 2292 cum
1006 2242 1205 2308 majore
1233 2247 1507 2292 senectute
1533 2242 1713 2291 minus
1739 2241 2067 2308 episcopatui

149 2313 571 2363 administrando
613 2314 894 2375 sufficeret,
933 2312 1180 2363 ordinato
1225 2313 1281 2362 in
1316 2313 1682 2379 episcopatum
1714 2313 2066 2363 Eboracensis

149 2385 385 2436 ecclesiae
424 2385 693 2452 Wylfrido
733 2384 1025 2451 presbitero
1058 2401 1169 2446 8110,
1210 2383 1322 2451 ipse
1362 2384 1427 2434 ad
1466 2384 1850 2435 monasterium
1890 2402 2065 2448 suum,

150 2456 291 2524 quod
331 2456 388 2506 in
433 2456 564 2506 silva
607 2456 896 2506 Deirorum
945 2456 1087 2522 (est),
1142 2455 1376 2517 secessit,
1416 2455 1595 2522 ibique
1637 2456 1693 2506 in
1733 2474 1861 2523 pace
1901 2456 2067 2507 vitam

148 2527 486 2578 terminavit:
526 2527 725 2578 mansit
752 2533 932 2578 autem
957 2527 1015 2576 in
1042 2526 1349 2594 episcopatu
1370 2527 1530 2594 xxxiij
1562 2527 1732 2578 annis.
1809 2528 1886 2578 At
1912 2528 2066 2595 Wyl-

148 2599 335 2663 fridus,
376 2599 602 2666 peractis
647 2599 729 2649 sui
770 2598 1102 2666 episcopatus
1144 2616 1208 2648 xv
1253 2599 1424 2661 annis,
1466 2601 1838 2650 successoremt
1881 2599 2069 2650 habuit

149 2670 465 2737 Egbertum,
504 2670 677 2721 virum
706 2670 769 2721 de
795 2670 943 2737 regio
969 2670 1170 2721 semine
1196 2670 1429 2721 nobilem
1459 2676 1512 2721 et
1537 2670 1880 2721 industrium.
1960 2671 2069 2723 Qui

149 2749 271 2809 post
297 2742 585 2793 Paulinum
610 2742 814 2809 primus
848 2742 913 2792 ab
944 2741 1256 2808 Apostolica
1288 2742 1410 2792 sede
1443 2742 1644 2809 accepit
1670 2742 1909 2809 pallium,
1951 2762 2066 2810 sep-

148 2814 281 2864 timo
310 2832 448 2864 anno
474 2813 626 2881 regni
652 2813 886 2864 Ceolwlfi
921 2813 1080 2880 regis,
1121 2813 1412 2864 centesimo
1450 2814 1611 2864 tertio
1648 2831 1788 2865 anno
1825 2821 1945 2881 post
1979 2816 2067 2866 de-

149 2904 355 2936 cessum
381 2885 611 2949 Paulini,
651 2885 753 2936 hoc
780 2891 859 2936 est
887 2903 1027 2936 anno
1054 2885 1354 2936 Dominicae
1374 2885 1758 2936 incarnationis
1787 2903 2067 2950 Dcc.xxxv‚

149 2975 254 3024 quo
299 2975 438 3008 anno
481 2957 794 3008 venerabilis
837 2957 1023 3008 doctor
1067 2956 1216 3008 Beda
1259 2956 1392 3008 obiit
1442 2957 1499 3007 in
1550 2958 1811 3024 Gyrvum.
1903 2959 2075 3010 Porro

148 3029 570 3097 archiepiscopus
617 3029 904 3096 EgbertUS,
959 3028 1102 3096 xxxij
1154 3046 1294 3079 anno
1340 3029 1544 3096 accepti
1590 3029 1925 3097 episcopatus
1977 3031 2065 3082 dev

230 3197 248 3215 '⁸
278 3172 430 3232 Added
449 3184 559 3231 ffom
579 3190 626 3236 C.

227 3251 244 3269 ⁰
274 3244 321 3286 O.
359 3246 461 3286 here
496 3245 650 3287 inserts
681 3245 860 3298 jubente
897 3258 998 3299 rege
1036 3244 1222 3297 Oswino,
1252 3245 1335 3287 and
1374 3246 1482 3288 after
1525 3248 1695 3287 Ceadda
1726 3248 1801 3289 the
1834 3248 1970 3289 words
2002 3247 2074 3290 vir·

149 3300 345 3393 smptus&
363 3353 653 3404 expulsionem
674 3366 818 3407 usque,
848 3354 896 3397 G.
1228 3363 1244 3388 ⁹
1273 3354 1474 3407 Alkfridi,
1504 3355 1598 3398 MS.
1620 3356 1790 3398 Cotton.

229 3414 244 3431 r
272 3406 625 3458 Hagustaldensis
644 3409 842 3459 ecclesiae,
872 3409 920 3451 C.

147 3461 359 3556 the-GU&
381 3461 549 3556 goffia
582 3463 675 3504 MS.
707 3464 782 3504 has
810 3464 932 3505 Eata.
990 3463 1117 3515 Acca,
1146 3465 1220 3506 the
1246 3467 1409 3506 correct
1427 3465 1605 3518 reading
1623 3465 1657 3505 18
1678 3465 1939 3506 substituted
1958 3464 2069 3509 from

229 3572 241 3594 ‘
272 3547 455 3621 Symeon
475 3549 572 3611 does
591 3573 667 3611 not
686 3571 842 3613 inform
862 3586 912 3613 us
927 3573 1118 3614 whether
1137 3574 1211 3615 the
1231 3586 1385 3614 vacanc
1402 3623 1404 3625 r
1432 3586 1513 3614 was
1532 3574 1684 3615 caused
1703 3575 1760 3625 by
1780 3574 1853 3613 the
1873 3573 1999 3614 death
2020 3588 2067 3614 or

146 3623 407 3676 resignation
428 3625 474 3665 of
498 3625 687 3666 Wilfrid.
744 3626 812 3666 On
834 3627 919 3686 this
940 3627 1060 3679 point
1080 3641 1146 3668 800
1167 3628 1282 3669 Hist.
1304 3629 1354 3668 de
1416 3628 1515 3668 estis
1537 3629 1720 3680 Regum,
1742 3629 1819 3668 sub
1839 3641 1950 3668 anno
1971 3627 2070 3679 745,—

147 3679 231 3718 and
253 3679 325 3719 the
347 3681 445 3720 note
466 3679 654 3720 thereon.
1960 3687 1963 3692 ’
