2384 4126
771 386 958 420 sANc'rI
999 385 1329 419 CUTHBERTI.
1913 372 2018 421 159

98 534 247 584 aeque
271 521 333 566 ut
358 514 610 576 humana,
639 512 956 579 contagione
976 512 1251 563 barbarica
1277 511 1732 562 contaminabant.
1812 511 2019 563 Quanti

97 596 228 639 tunc
273 587 338 638 ab
376 586 451 637 eis
497 585 703 635 nobiles
741 590 794 636 et
837 584 1079 651 praeclari
1118 584 1417 634 sacerdotes
1458 584 1598 634 circa
1635 583 1769 649 ipsa,
1825 583 2019 650 quibus

99 658 371 710 Dominici
412 657 644 724 corporis
687 662 742 707 et
781 656 1057 723 sanguinis
1103 661 1440 706 sacrosancta
1479 655 1735 723 mysteria
1775 654 2017 705 confece-

97 736 237 793 rant,
290 729 479 780 altaria
528 727 954 790 trucidabantur,
997 733 1059 777 ut
1107 726 1481 794 propheticum
1529 726 1665 777 illud
1701 731 1844 777 recte
1887 733 2021 777 tunc

98 802 468 869 compleretur,
521 800 663 882 quod
707 799 855 863 dicit,
907 799 1227 866 Effuderunt
1268 800 1571 865 sanquinem
1620 800 1852 865 ipsorum
1902 804 2018 849 tan-

99 891 253 939 quam
284 890 473 939 aquam
516 890 571 923 m
612 872 836 923 circuitu
878 871 1187 934 Jerusalem,
1234 877 1287 921 et
1324 870 1478 933 illud,
1521 871 1871 922 Incenderunt
1910 870 2021 936 {qni

98 946 459 996 sanctuarzum
509 950 670 1005 tuum,
722 944 776 993 in
827 948 971 994 terra
1009 944 1315 1010 polluerunt
1365 944 1756 993 tabernaculum
1801 942 2024 993 nommz's

100 1016 215 1067 111ὴό
289 1017 513 1067 Videres
541 1021 672 1065 tunc
698 1014 931 1081 Virgines
956 1014 1089 1081 rapi,
1118 1014 1478 1065 matronalia
1458 1032 1583 1082 Jura
1609 1013 1760 1077 solvi,
1786 1013 2022 1064 infantes

101 1088 166 1139 ab
210 1088 337 1155 ipsis
382 1094 616 1138 matrum
659 1086 911 1137 uberibus
954 1087 1179 1150 avuISOS,
1221 1087 1287 1137 ad
1330 1093 1528 1137 terram
1574 1085 1703 1136 alios
1746 1085 1889 1148 elidi,
1929 1102 2023 1152 per

99 1160 257 1227 pedes
304 1159 434 1211 alios
477 1158 746 1226 suspendi,
786 1159 927 1209 inter
964 1176 1155 1209 manus
1194 1157 1543 1209 barbarorum
1583 1158 1713 1208 alios
1755 1157 1982 1224 discerpi
2002 1178 2017 1219 3

98 1238 366 1300 postremo
409 1249 582 1298 neque
625 1230 791 1293 sexui,
842 1248 1014 1296 neque
1059 1230 1221 1293 aetati,
1272 1248 1372 1281 nec
1415 1230 1513 1279 ulli
1558 1247 1768 1297 quoque
1813 1229 2021 1296 gradui,

101 1323 131 1354 a
156 1310 268 1354 tam
303 1303 606 1354 crudelibus
640 1302 801 1369 parci.
878 1303 997 1353 Nec
1024 1302 1099 1352 sic
1133 1308 1316 1352 tamen
1350 1301 1588 1353 bestialis
1615 1301 1709 1352 illa
1735 1301 2021 1353 crudelitas

102 1375 285 1426 satiari
327 1375 520 1442 potuit,
565 1374 671 1424 nisi
715 1391 901 1424 omnes
945 1373 1107 1424 etiam
1150 1374 1286 1440 regii
1331 1373 1556 1440 generis,
1596 1391 1690 1440 per
1733 1391 1864 1440 quos
1911 1390 2020 1424 suae

100 1446 293 1498 ditioni
320 1447 532 1513 aliquod
557 1445 781 1496 timebat
805 1445 1119 1512 periculum,
1148 1446 1460 1497 extinxisset
1476 1466 1490 1507 3
1531 1445 1674 1496 unde
1704 1445 1848 1496 illius
1884 1451 2020 1495 tem-

99 1519 321 1586 pestatis
382 1519 584 1569 rabiem
648 1517 792 1568 solus
854 1535 917 1568 ex
979 1517 1125 1568 omni
1180 1517 1328 1584 regio
1390 1516 1590 1568 semine
1651 1523 1801 1584 pater
1862 1515 2022 1584 primi

98 1590 406 1641 Eaduuardi
454 1590 593 1656 regis
643 1589 894 1640 Elfredus
943 1588 1029 1639 vix
1080 1588 1284 1655 effugit.
1383 1589 1509 1651 Hic,
1560 1606 1628 1639 ne
1672 1588 1836 1638 simili
1878 1589 2019 1655 plec-

100 1668 303 1713 teretur
329 1661 611 1724 sententia,
650 1666 776 1723 tres,
817 1659 1010 1727 quibus
1040 1660 1134 1711 illa
1172 1659 1486 1711 debacchari
1512 1660 1768 1726 permissa
1793 1667 1873 1710 est
1899 1659 2019 1710 bar-

100 1734 290 1797 baries,
331 1750 515 1795 annos,
554 1732 786 1782 maxima
812 1749 934 1782 cum
959 1731 1182 1798 penuria
1206 1731 1262 1781 in
1296 1731 1744 1798 Glestigiensibus
1771 1730 2021 1782 latitabat

99 1805 398 1872 paludibus.
477 1804 582 1855 Sed
610 1804 714 1855 Dei
740 1803 1025 1854 clementia
1058 1803 1404 1854 barbarorum
1431 1803 1579 1853 illam
1606 1803 2018 1865 immanitatem,

100 1895 221 1928 cum
242 1878 357 1944 jam
383 1893 586 1927 cessare
613 1893 840 1942 suosque
866 1880 986 1942 post
1011 1875 1222 1941 flagella
1241 1892 1476 1926 recreare
1496 1874 1654 1925 solita
1678 1875 2023 1926 miseratione

101 1967 197 1999 sua
240 1948 550 2016 judicasset,
598 1947 824 2014 contigit
870 1947 1117 1998 eumdem
1162 1946 1459 2009 Elfredum,
1517 1947 1723 1998 caeteris
1773 1947 2023 1998 omnibus

100 2021 363 2087 piscatum
413 2019 606 2082 missis,
661 2019 834 2069 solum
886 2036 1009 2069 cum
1060 2019 1173 2069 sola
1227 2020 1455 2087 conjuge
1507 2036 1721 2086 unoque
1770 2018 2021 2069 familiari

98 2092 344 2143 ministro
403 2091 549 2142 domi
600 2091 870 2142 resedisse.
972 2090 1177 2141 Aderat
1224 2091 1443 2142 interim
1501 2091 1781 2157 peregrino
1833 2090 2023 2141 habitu

101 2164 336 2232 quidam,
375 2163 670 2230 obnixeque
704 2163 919 2229 petebat
954 2162 1256 2213 elemosinae
1295 2162 1688 2230 compendium,
1732 2180 1836 2229 quo
1863 2162 2019 2213 famis

101 2254 211 2287 suae
268 2235 603 2302 extingueret
658 2234 1000 2296 incendium3
1060 2235 1146 2285 cui
1194 2252 1319 2285 mox
1368 2234 1481 2301 ipse
1531 2234 1686 2285 vultu
1736 2234 2021 2301 animoque

100 2308 407 2359 laetissimus
434 2307 548 2357 sine
573 2324 722 2356 mora
747 2306 953 2373 petenti
985 2305 1164 2356 cibum
1197 2312 1259 2356 ut
1285 2306 1435 2356 daret
1470 2305 1714 2356 ministro
1752 2306 2018 2373 praecepit.

102 2381 153 2430 A
198 2397 302 2446 11110
344 2396 466 2429 611111
512 2378 761 2440 audisset,
803 2377 939 2427 nihil
980 2377 1082 2428 sibi
1116 2377 1330 2444 suisque
1371 2377 1619 2428 omnibus
1662 2377 1728 2428 ad
1768 2377 2022 2428 diurnum

102 2450 421 2502 remansisse
446 2449 666 2512 victum,
693 2455 885 2516 praeter
910 2467 1102 2516 panem
1127 2466 1298 2499 unum
1320 2455 1373 2500 et
1398 2449 1509 2499 vini
1535 2448 1823 2511 modicum,
1849 2449 2023 2500 laetior

103 2542 165 2574 ex
206 2523 308 2573 1106
348 2522 599 2584 effectus3
646 2521 871 2585 “Deo,”
913 2520 1107 2587 inquit,
1152 2525 1186 2548 “
1204 2521 1418 2587 gratias,
1464 2521 1573 2572 Qui
1613 2539 1698 2572 me
1732 2538 2020 2587 pauperem

104 2601 138 2624 “
163 2596 350 2656 Suum,
385 2599 438 2645 et
468 2599 580 2644 tam
599 2593 759 2659 longe
791 2611 821 2643 a
847 2593 1118 2644 communi
1142 2592 1424 2643 hominum
1449 2592 1782 2643 habitatione
1810 2594 2019 2661 sejunc-

106 2671 139 2694 “
160 2674 278 2717 tum
321 2683 416 2733 per
459 2665 604 2715 hunc
651 2665 818 2715 Suum
867 2682 1076 2733 quoque
1119 2682 1407 2732 pauperem
1451 2664 1666 2715 visitare
1710 2664 2020 2731 dignatur.''

105 2740 176 2789 Et
216 2739 331 2789 haec
373 2737 569 2799 dicens,
607 2736 883 2803 utriusque
917 2736 1261 2787 medietatem
1308 2736 1515 2802 erogari
1558 2736 1715 2803 jubet
1758 2736 2019 2798 hilariter,

103 2809 475 2877 Apostolicum
515 2808 650 2859 illud
693 2826 851 2875 opere
892 2808 1259 2875 comprobans,
1295 2809 1536 2859 Hilarem
1576 2809 1808 2859 datorem
1848 2809 2023 2875 diliyit

103 2884 283 2933 Deu8.⁶
359 2882 481 2934 Quo
520 2881 630 2943 ille,
671 2880 762 2947 qui
801 2898 1001 2947 pauper
1041 2880 1338 2960 videbatur,
1383 2886 1616 2947 accepto,
1673 2880 2019 2943 “Domino,’'

100 2954 292 3021 inquit,
335 2957 368 2980 “
388 2959 483 3003 tuo
522 2969 618 3019 pro
651 2958 817 3003 tantae
856 2952 1236 3019 compassionis
1272 2952 1468 3003 affectu
1500 2951 1690 3019 saepius
1723 2952 2020 3018 gratificare

104 3030 138 3053 “
158 3044 226 3076 ne
252 3024 494 3087 differas3
543 3041 695 3091 spero
722 3024 882 3086 enim,
927 3024 1051 3091 quia
1087 3024 1226 3075 hanc
1255 3024 1401 3074 illius
1435 3023 1840 3075 beneficentiam
1873 3024 2023 3090 laiga

107 3101 140 3125 “
162 3096 385 3148 caelestis
425 3095 789 3147 misericordia
827 3096 1044 3147 uberius
1086 3095 1529 3162 recompensabit.
1534 3096 1570 3120 '²
1650 3096 1783 3147 Haec
1818 3095 2024 3147 dixerat

103 3169 194 3219 ille
229 3168 491 3231 ministro,
542 3168 760 3236 haecque
801 3185 896 3218 suo
934 3168 1182 3219 minister
1220 3168 1384 3219 refert
1428 3167 1660 3218 domino.
1741 3168 1847 3219 Sed
1898 3185 2021 3218 mox

106 3240 173 3290 ad
213 3257 335 3290 eum
374 3240 469 3290 ubi
508 3239 654 3289 hunc
698 3239 973 3290 dimiserat
1011 3239 1189 3290 locum
1230 3257 1520 3306 regressuS,
1562 3256 1849 3306 pauperem
1892 3257 2019 3289 nus-

107 3329 282 3378 quam,
322 3328 514 3377 panem
538 3328 662 3361 vero
697 3317 750 3361 et
782 3311 967 3361 vinum
998 3312 1075 3361 ita
1106 3312 1341 3378 repperit
1378 3311 1667 3378 integrum,
1707 3316 1769 3361 ut
1806 3328 2020 3377 prorsus

105 3399 204 3433 nec
239 3381 488 3432 sectionis
523 3382 738 3448 aliquod
771 3382 1038 3433 videretur
1072 3383 1269 3434 habere
1301 3383 1532 3450 signum.
1619 3382 1780 3434 Quod
1818 3382 2021 3432 factum

106 3454 219 3520 ipse
270 3469 450 3502 secum
500 3458 736 3519 stupens,
796 3454 1013 3505 domino
1063 3472 1273 3522 quoque
1325 3472 1421 3505 suo
1470 3454 1696 3505 festinus
1747 3452 2020 3503 indicavit.

109 3525 277 3591 Cujus
314 3524 558 3575 miraculi
594 3525 830 3575 novitate
868 3532 1134 3593 percepta,
1173 3527 1285 3593 ipse
1312 3526 1510 3593 pariter
1536 3531 1589 3576 et
1613 3542 1748 3575 uxor
1774 3524 1817 3590 ej
1827 3542 1887 3574 us
1913 3542 2022 3574 non

413 3679 428 3703 ⁶
459 3679 601 3720 Psalm
620 3680 749 3722 lxxiX.
771 3686 821 3733 33
852 3682 980 3724 lxxiv.
1001 3687 1040 3723 8.
1401 3690 1415 3707 ⁰
1443 3687 1468 3723 2
1490 3682 1585 3723 Cor.
1606 3681 1662 3721 ix.
1684 3680 1722 3723 7.
