2384 4126
831 399 1088 433 HISTORIA
1127 398 1337 432 REGUM.
1972 384 2039 433 25

241 525 397 576 Karld
421 525 647 593 denique
673 543 781 588 rex,
821 531 881 575 ut
918 524 1126 592 praefati
1164 541 1365 585 sumus,
1404 522 1839 573 bellicosissimus
1876 524 2042 573 Fran-

134 614 335 659 corum,
377 615 498 648 cum
539 597 686 647 omni
727 596 989 648 exercitus
1039 595 1120 646 sui
1169 595 1365 645 virtute
1406 594 1650 657 vallatus,
1694 594 2042 656 confortatus,

92 719 96 725 ,
132 668 472 734 glorificatus,
514 674 728 735 gentem
764 669 1036 718 Saxonum
1071 672 1151 718 est
1176 666 1446 733 ingressus
1473 665 1858 716 centuriatibus
1886 671 2044 731 atque

130 740 430 806 legionibus
457 740 697 806 stipatus,
722 758 881 806 quam
896 738 1105 805 magnis
1126 744 1180 788 et
1199 737 1596 788 inedicibilibus
1616 736 1889 803 regionem
1909 754 2040 802 prae-

129 811 214 861 liis
253 811 594 877 gravissimis⁶
636 811 877 873 vastavit,
917 810 1042 877 igne
1085 810 1328 876 ferroque
1368 808 1716 870 debacchans,
1765 807 1888 874 quia
1932 813 2045 858 erat

129 888 497 932 consternatus
524 881 748 933 animos
816 882 992 934 Urbes
1032 881 1260 947 denique
1299 880 1431 930 duas
1471 879 1763 946 Sigeburht
1798 885 1851 929 et
1883 879 2041 929 Ares-

129 953 334 1016 burhtst
373 960 530 1020 atque
567 953 892 1020 provinciam
930 952 1194 1015 Bohweri,
1234 952 1362 1003 olim
1403 970 1433 1002 a
1467 951 1693 1002 Francia
1722 968 2044 1018 oppressam,

131 1042 226 1075 suo
251 1031 498 1092 potenter
524 1025 717 1092 adjecit
744 1042 951 1075 summo
977 1023 1216 1092 imperiO.

928 1207 1235 1242 DCCLXXVII.

237 1290 398 1341 Anno
442 1290 724 1357 nce.lxxvij
778 1289 1103 1351 Pechtwine,
1156 1288 1429 1356 episcopus
1474 1289 1903 1352 Candidae-casae,
1949 1290 2040 1358 xiij

129 1361 237 1411 kal.
260 1362 509 1413 Octobris
529 1362 778 1429 migravit
799 1380 862 1412 ex
888 1362 990 1412 hoc
1017 1361 1208 1412 saeculo
1236 1361 1300 1411 ad
1327 1366 1538 1412 aeternae
1558 1361 1744 1411 salutis
1771 1361 2044 1428 gaudium,

134 1433 224 1500 qui
245 1433 417 1485 eidem
438 1434 671 1485 ecclesiae
690 1433 798 1501 xiiij
824 1432 976 1483 annis
995 1432 1223 1500 praefuit.
1283 1432 1385 1483 Cui
1404 1432 1753 1501 AEthelbyrht
1775 1433 2042 1485 successit.

923 1615 1256 1649 DCCLXXVIII.

236 1699 396 1750 Anno
416 1699 490 1766 iiij
515 1698 793 1750 Ethelredi
812 1698 970 1765 regiS,
993 1697 1195 1749 scilicet
1216 1715 1355 1748 anno
1377 1696 1702 1764 Dcc.lxxviij,
1729 1702 1838 1747 tres
1865 1696 2043 1759 duceS,

130 1770 335 1821 Aldwlf
354 1771 616 1832 videlicet,
639 1770 854 1838 Cynwlf
874 1776 927 1820 et
946 1771 1111 1835 Ecga,
1134 1769 1320 1820 eodem
1339 1787 1462 1835 rege
1484 1768 1838 1835 praecipiente,
1859 1768 2045 1819 fraude

130 1843 306 1893 necati
341 1849 464 1893 sunt
500 1843 565 1893 ab
591 1841 913 1893 Ethelbaldo
946 1847 998 1892 et
1033 1840 1411 1892 Heardberhto
1441 1839 1767 1907 principibus
1797 1839 1904 1890 kal.
1940 1841 2044 1890 Oc-

130 1913 340 1965 tobriss‘
430 1914 576 1966 Quid
617 1919 827 1981 gestum
878 1914 946 1964 sit
991 1931 1130 1964 anno
1176 1912 1442 1964 Dcc.lxxix
1487 1929 1711 1979 sequens
1757 1911 2047 1962 declarabit

132 2003 319 2037 sermo,

943 2114 1227 2149 DCCLXXIX.

237 2197 397 2248 Anno
423 2197 588 2263 igitur
614 2196 882 2248 Dcc.lxxix
907 2196 1197 2247 Ethelredo
1225 2195 1443 2262 expulso
1470 2194 1534 2245 de
1560 2194 1727 2262 regali
1753 2194 1884 2245 solio
1911 2200 1964 2245 et
1989 2195 2047 2246 in

131 2268 347 2320 exilium
384 2269 585 2335 fugato,
627 2269 836 2335 cogitur
869 2274 1074 2319 moestos
1100 2268 1235 2317 inire
1261 2268 1462 2332 modos,
1495 2267 1812 2332 miserasque
1849 2266 2047 2317 habere

132 2339 400 2406 querelas}
473 2339 699 2390 Elfwald
718 2357 842 2390 vero
868 2339 1008 2389 filius
1029 2338 1228 2400 Oswlfi,
1250 2337 1541 2388 Ethelredo
1564 2338 1796 2405 expulso,
1817 2355 2047 2404 regnum

129 2411 732 2477 Northanhymbrorum
773 2410 1020 2476 suscepit,
1060 2409 1341 2475 tenuitque
1385 2427 1420 2458 x
1462 2409 1629 2459 annis.
1725 2410 1858 2458 Erat
1902 2409 2047 2460 enim

131 2482 232 2533 iste
257 2499 349 2532 rex
374 2482 492 2549 pius
519 2488 571 2532 et
591 2482 786 2549 justus,
815 2487 875 2532 ut
902 2499 1127 2548 sequens
1154 2479 1540 2531 demonstrabit
1568 2480 1838 2531 articulus.

958 2669 1216 2703 DCCLXXX.

237 2751 396 2801 Anno
447 2750 695 2801 mclxxx
736 2750 939 2801 Osbald
990 2756 1043 2801 et
1093 2749 1427 2801 Athelheard
1477 2749 1668 2813 duces;
1723 2758 2045 2818 congregato

132 2822 384 2884 exercitu,
413 2822 607 2884 Bearn,
635 2820 938 2889 patriciumj
962 2821 1209 2872 Elfwaldi
1239 2822 1398 2888 regis,
1438 2821 1495 2871 in
1537 2822 1790 2873 Seletune
1829 2841 2045 2874 succen-

131 2894 322 2945 derunt
361 2894 415 2944 ix
449 2893 555 2944 kal.
594 2894 626 2943 J
632 2893 854 2945 anuarii.
931 2893 1136 2944 Eodem
1177 2911 1315 2944 anno
1349 2893 1580 2944 Alberht
1620 2893 2046 2962 archiepiscopus

212 3027 231 3051 ‘¹
260 3030 288 3049 “
303 3028 376 3066 Vel
396 3026 589 3078 quoque,'’
610 3025 850 3066 interlined.
1106 3033 1121 3050 θ
1150 3030 1176 3048 “
1193 3026 1504 3073 Gravissimis,'’
1524 3025 1765 3067 interlined.

203 3081 229 3113 f
254 3085 278 3104 ‘⁴
297 3083 370 3120 'Vel
388 3081 625 3134 efferatus?
644 3080 885 3121 interlined.
1104 3088 1127 3113 8
1159 3082 1256 3119 “Et
1273 3081 1546 3127 Aresburrhtss’
1566 3081 1810 3121 interlined.

212 3135 228 3159 '¹
261 3136 349 3176 The
383 3136 521 3176 Saxon
552 3135 776 3175 Chronicle
802 3147 906 3187 says,
934 3134 1204 3175 “AEthelbald
1232 3136 1316 3175 and
1342 3135 1616 3175 Heardberht
1649 3135 1745 3176 slew
1773 3136 1894 3176 three
1919 3136 2046 3188 high-

129 3203 292 3237 reeves3
323 3190 508 3230 Ealwulf
536 3190 609 3230 the
640 3203 715 3230 son
747 3190 792 3230 of
819 3191 925 3230 Bosa
958 3191 1002 3229 at
1036 3189 1346 3241 King’s-Cliffe‚
1380 3190 1463 3229 and
1490 3190 1716 3241 Cynewulf
1739 3191 1823 3230 and
1852 3191 1973 3242 Egga
2003 3194 2047 3231 at

130 3245 413 3286 Helathirn.’'‘
465 3245 756 3296 Huntingdon
779 3245 863 3284 and
882 3244 1138 3291 Wendover‚
1161 3245 1358 3296 differing
1387 3244 1495 3284 from
1525 3257 1604 3284 our
1632 3247 1735 3292 text,
1767 3258 1839 3297 say
1858 3246 1953 3285 that
1972 3246 2046 3286 the

130 3300 342 3340 assailants
361 3312 469 3340 were
487 3300 533 3339 in
553 3299 752 3340 rebellion
773 3299 936 3351 against
955 3299 1060 3350 king
1079 3299 1296 3339 Ethelred.
1355 3299 1445 3339 The
1469 3299 1615 3339 deaths
1644 3300 1690 3339 of
1715 3300 1940 3351 Gynewulf
1963 3301 2047 3340 and

130 3355 251 3406 Egga
278 3355 378 3394 took
405 3354 520 3406 place
549 3354 595 3393 in
623 3367 647 3393 a
676 3356 794 3406 great
822 3354 952 3394 battle
983 3354 1134 3405 “apud
1163 3353 1532 3401 Hilathurnum;'’
1560 3353 1761 3401 Aldwulf,
1788 3354 1974 3394 Ealvvulf
1998 3368 2046 3394 or

131 3409 292 3456 Aidulf,
321 3409 356 3448 is
387 3409 600 3449 described
628 3422 670 3448 as
693 3408 994 3459 “primatem''
1015 3421 1062 3448 or
1083 3404 1355 3459 “principem
1384 3408 1591 3449 exercitus
1617 3409 1728 3460 regis
1742 3409 1780 3458 ;''
1809 3410 1889 3448 and
1911 3409 2046 3448 WVen-

132 3465 256 3504 dover
276 3464 447 3503 renders
466 3464 539 3503 the
560 3463 868 3515 King’s-Cliffe‚
888 3476 935 3503 or
955 3462 1322 3514 Cyningen-Cliffe
1343 3463 1388 3503 of
1406 3463 1479 3503 the
1501 3463 1638 3502 Saxon
1660 3463 1898 3508 Chronicle,
1923 3463 2044 3503 “Cu-

131 3518 348 3566 nesclive,’'
367 3518 503 3558 Which
524 3518 666 3570 nearly
683 3518 904 3558 resembles
920 3518 993 3557 the
1008 3519 1177 3568 present
1193 3518 1481 3569 orthography
1496 3517 1541 3557 of
1558 3517 1839 3564 Conniscliffe,
1856 3530 1880 3556 a
1895 3517 2045 3567 village

134 3586 188 3613 on
208 3573 280 3612 the
301 3573 417 3612 Tees‚
1061 3572 1070 3596 ἱ
1100 3572 1306 3612 Boethius
1326 3573 1376 3611 de
1397 3572 1577 3621 Consol.,
1597 3572 1640 3621 i.,
1662 3575 1709 3618 23
1744 3571 1818 3617 iii.‚
1840 3574 1878 3611 9.

207 3627 224 3660 Ι
252 3626 541 3677 Huntingdon
567 3626 650 3666 and
669 3626 910 3667 WVendover
936 3626 1014 3666 call
1033 3627 1174 3667 Bearn
1200 3627 1274 3666 the
1299 3627 1438 3678 king's
1460 3625 1697 3677 justiciary,
1719 3626 1801 3665 and
1831 3626 2045 3675 represent

134 3681 223 3721 him
243 3694 285 3721 as
308 3681 521 3732 “rigidior
540 3682 702 3732 aequo.'’
