2384 4126
330 407 434 458 188
904 425 1164 459 HISTORIA
1204 423 1681 459 TRANsLA'rmNUM,

325 549 551 601 ulterius
595 549 660 601 ab
700 550 918 603 homine
958 552 1153 603 furoris
1191 570 1304 603 esse
1329 551 1610 602 videbatur
1643 568 1753 600 non
1782 548 2023 617 justitiae.
2104 547 2253 600 Quos

325 640 420 689 per
445 623 679 675 ecclesiae
705 624 857 674 villas
886 625 1161 675 securitati
1188 630 1514 691 opportunas
1540 622 1822 690 dispositos
1852 627 1904 672 et
1932 638 2163 681 securOS,
2201 624 2254 668 ct

326 712 508 745 rerum
551 696 971 747 necessariarum
1016 696 1336 747 sufficientes
1381 695 1611 746 reddidit
1631 716 1645 756 3
1704 694 1890 756 donec,
1945 692 2119 759 sopito
2164 690 2256 757 qui

325 773 555 818 mortem
582 767 656 818 eis
683 768 1044 819 intentaverat
1069 786 1300 831 rumore,
1328 768 1699 835 repatriarent,
1732 784 1866 817 nave
1891 764 2105 833 propria
2132 781 2254 814 cum

325 844 442 890 toto
470 846 726 907 apparatu
752 840 894 892 ultro
921 840 1155 892 ecclesiae
1180 840 1383 892 relicta.

1181 1072 1401 1123 XVIII.

334 1186 595 1245 Quomodo
626 1192 754 1252 >post
781 1203 966 1237 ccco.x
993 1192 1043 1237 et
1067 1185 1157 1253 viij
1189 1203 1353 1236 annos
1389 1202 1576 1251 corpus
1611 1184 1749 1235 beati
1781 1182 2050 1234 Cuthbertz·
2084 1182 2255 1232 incor-

471 1264 681 1324 ruptum
706 1259 777 1309 sit
803 1259 1085 1320 inventum,
1113 1264 1162 1308 et
1189 1259 1245 1309 in
1270 1274 1455 1308 novam
1481 1257 1751 1307 ecclesiam
1780 1256 2109 1306 translatum.

438 1385 591 1435 Inter
624 1383 739 1435 haec
781 1390 893 1435 tam
928 1384 1293 1451 frequentium
1334 1384 1718 1435 miraculorum
1752 1401 1913 1450 opera
1937 1400 2048 1433 non
2074 1382 2259 1432 eadem

329 1457 470 1524 apud
511 1474 696 1507 omnes
737 1463 849 1506 tam
888 1457 954 1508 de
995 1457 1283 1524 praesentia
1322 1456 1458 1507 sacri
1500 1456 1734 1523 corporis
1774 1455 1918 1506 beati
1953 1454 2257 1516 Cuthberti,

330 1547 491 1596 quam
528 1529 593 1579 de
630 1529 1034 1596 incorruptione
1077 1529 1376 1580 habebatur
1413 1529 1609 1596 opinio.
1706 1528 1816 1578 Alii
1854 1545 2086 1593 namque
2125 1526 2262 1576 illud

328 1602 503 1652 multo
551 1607 674 1652 ante
719 1602 858 1652 hanc
903 1607 1117 1652 aetatem
1162 1601 1214 1651 Vi
1259 1601 1489 1668 quadam
1534 1600 1746 1651 occulta
1791 1600 1894 1650 alio
1938 1599 2260 1649 translatum

328 1673 478 1723 vanis
508 1672 610 1724 sibi
637 1673 960 1741 conjecturis
990 1673 1330 1724 somniabant
1346 1695 1360 1735 ,-
1405 1680 1563 1740 atque
1600 1673 1922 1739 sepulcrum,
1962 1672 2088 1722 licet
2113 1688 2259 1721 nunc

329 1745 453 1796 talis
481 1746 710 1812 depositi
738 1751 916 1796 careat
944 1746 1336 1808 commendato,
1374 1763 1483 1796 non
1509 1751 1692 1795 tamen
1728 1744 1972 1796 evacuari
1996 1744 2259 1794 virtutum

331 1818 531 1884 gloria,
575 1817 685 1880 sed,
739 1818 805 1868 ad
848 1817 1110 1868 indicium
1155 1817 1367 1885 pristini
1416 1817 1812 1878 inhabitatoris,
1859 1834 2004 1867 nunc
2049 1833 2260 1882 quoque

331 1890 613 1941 celebriter
639 1890 894 1956 effulgere
919 1890 1209 1940 miraculis.
1286 1889 1399 1940 Alii
1440 1896 1616 1940 autem
1665 1907 1839 1940 sacras
1883 1888 2099 1955 quidem
2137 1888 2258 1938 reli-

333 1962 482 2029 quias
509 1961 709 2012 ibidem
737 1962 1019 2024 contineri,
1063 1962 1156 2013 sed
1189 1961 1414 2012 humani
1448 1961 1681 2028 corporis
1719 1978 2030 2027 compagem
2057 1977 2151 2027 per
2177 1966 2259 2010 tot

332 2034 651 2085 saeculorum
678 2034 954 2085 volumina
979 2034 1354 2084 indissolutam
1390 2051 1697 2100 permanere
1723 2033 1847 2099 jura
1881 2032 2131 2083 dicebant
2170 2050 2258 2082 ex-

332 2106 517 2157 cedere
543 2111 770 2157 naturae.
847 2107 936 2169 Et,
976 2106 1104 2157 licet
1141 2106 1309 2157 virtus
1350 2106 1548 2157 Divina
1585 2105 1835 2156 omnibus
1875 2105 2017 2171 quod
2053 2104 2169 2154 vult
2207 2109 2261 2154 et

333 2179 600 2245 quomodo
626 2179 742 2229 vult
766 2178 994 2245 imperet
1019 2178 1245 2240 naturis,
1272 2179 1412 2228 hanc
1438 2183 1621 2229 tamen
1646 2177 1703 2228 in
1728 2178 1890 2245 hujus
1917 2176 2148 2243 corporis
2175 2176 2258 2225 in-

334 2250 678 2318 corruptione
705 2250 907 2301 nullius
936 2250 1029 2317 qui
1054 2251 1138 2302 vel
1163 2269 1329 2301 manu
1353 2251 1437 2301 vel
1457 2250 1574 2301 visu
1602 2250 1925 2317 explorasset
1950 2248 2261 2299 testimonio

334 2322 437 2373 sibi
462 2329 660 2390 patere.
738 2324 920 2390 Atque
955 2323 1074 2374 ideo
1113 2323 1325 2374 difficile
1361 2322 1464 2373 sibi
1499 2323 1563 2373 de
1598 2322 1717 2385 hoc,
1754 2321 2048 2389 quamlibet
2076 2325 2262 2370 sancto

336 2412 573 2462 corpore,
627 2395 841 2446 credere
890 2396 1249 2463 inexpertum,
1297 2395 1439 2463 quod
1488 2412 1608 2445 raro
1653 2393 1988 2461 paucissimis
2035 2393 2261 2443 aliorum

336 2468 659 2518 Sanctorum
705 2467 1016 2534 corporibus
1061 2474 1321 2519 noverant
1367 2485 1695 2518 concessum.
1773 2466 1973 2517 Taliter
2006 2465 2090 2515 his
2118 2464 2261 2515 abla-

334 2539 538 2590 tionem
567 2540 740 2590 sancti
766 2540 1001 2606 corporis
1038 2539 1484 2607 conjectantibus,
1519 2539 1627 2589 illis
1663 2538 2117 2605 incorruptionem
2153 2554 2263 2587 non

336 2611 764 2675 admittentibus,
794 2612 1175 2663 affirmantium
1209 2612 1345 2663 illud
1372 2618 1425 2663 et
1453 2612 1635 2662 adesse
1664 2616 1716 2662 et
1746 2611 2116 2677 incorruptum
2143 2626 2259 2676 per-

336 2684 529 2734 durare
556 2683 784 2734 fratrum
813 2684 938 2735 fidei
970 2684 1365 2747 detrahebatur,
1407 2684 1632 2750 ideoque
1670 2683 1842 2751 pudor
1881 2681 2265 2749 aliquantisper

335 2755 522 2806 anxius
550 2756 911 2822 ingerebatur.
985 2757 1326 2824 Quapropter
1349 2756 1454 2823 ipsi
1478 2756 1687 2819 fratres,
1708 2754 1978 2806 mentibus
2002 2754 2067 2804 ad
2088 2754 2265 2804 Deum

337 2844 397 2877 ac
438 2827 684 2894 precibus
726 2828 983 2890 conversi,
1030 2828 1254 2879 orabant
1299 2834 1361 2878 ut
1404 2828 1511 2881 Qui
1550 2835 1630 2879 est
1674 2828 1933 2878 mirabilis
1970 2827 2026 2877 in
2065 2827 2265 2877 sanctis

335 2900 496 2961 suis,m
519 2899 627 2949 Hic
656 2900 801 2961 Sese,
830 2900 1134 2951 ostensione
1160 2906 1326 2951 tantae
1352 2899 1586 2961 virtutis,
1614 2899 1914 2950 mirabilem
1941 2898 2264 2960 ostenderet,

336 2977 390 3022 et
416 2970 641 3021 dubium
660 2971 718 3020 in
744 2971 920 3022 dubiis
942 2972 1152 3022 indiciis
1173 2972 1379 3022 nomini
1407 2973 1516 3022 Suo
1537 2972 1667 3021 dans
1688 2971 1914 3037 gloriam
1942 2970 2263 3021 excluderet.

446 3043 663 3093 Interea
698 3043 940 3105 ecclesia,
978 3062 1137 3110 quam
1171 3044 1440 3111 quondam
1476 3043 1800 3093 Guillelmus
1835 3042 2113 3108 episcopus
2141 3041 2263 3090 fun-

336 3114 572 3177 daverat,
599 3132 709 3164 non
735 3133 897 3181 parva
923 3133 990 3166 ex
1017 3122 1168 3183 parte
1189 3116 1441 3182 perfecta,
1468 3114 1771 3165 venerabile
1791 3114 1956 3181 patris
1980 3112 2266 3164 Cutliberti

337 3204 530 3253 corpus
574 3186 632 3236 in
677 3186 816 3237 hanc
856 3187 1032 3237 fuerat
1081 3187 1533 3249 transferendum,
1586 3192 1639 3237 et
1681 3186 1857 3252 dignae
1907 3184 2265 3236 venerationis

337 3258 511 3325 gratia
536 3258 595 3308 in
619 3258 754 3321 loco,
784 3277 942 3325 quem
980 3259 1218 3309 studiosa
1251 3277 1441 3309 manus
1479 3258 1743 3309 artificum
1780 3258 2138 3324 adaptaverat,
2174 3257 2264 3307 de-
2333 3282 2340 3286 >

338 3336 519 3381 center
555 3331 970 3381 recondendum.
1050 3331 1378 3381 Imminente
1418 3331 1599 3397 itaque
1638 3330 1714 3398 iiij
1759 3330 1866 3380 kal.
1917 3329 2264 3396 Septembris,

336 3402 423 3453 die
465 3402 668 3453 scilicet
704 3403 796 3469 qui
831 3403 897 3453 ad
933 3402 1247 3453 sollemnem
1283 3403 1711 3453 Translationem
1743 3402 1918 3453 fuerat
1952 3401 2265 3469 praefinitus,

336 3474 574 3525 inierunt
600 3475 883 3526 consilium
910 3475 1119 3538 fratres,
1155 3481 1233 3538 ut,
1271 3475 1522 3541 quoniam
1559 3492 1718 3525 nemo
1754 3479 2030 3541 supererat
2057 3473 2149 3540 qui
2173 3490 2267 3539 per

338 3546 762 3613 experimentum
789 3547 1053 3609 edoceret,
1087 3547 1205 3614 ipsi,
1241 3553 1504 3614 quantum
1541 3548 1657 3598 Deo
1692 3547 2036 3613 permittente
2062 3545 2264 3606 liceret,

338 3618 571 3686 qualiter
598 3619 740 3671 circa
766 3637 954 3687 corpus
984 3625 1229 3670 sanctum
1266 3619 1479 3686 singula
1514 3619 1825 3686 composita,
1870 3617 2100 3685 qualiter
2125 3616 2265 3667 ordi-

1095 3738 1120 3754 ἠ
1152 3731 1294 3772 Psalm
1315 3731 1430 3773 lxvii.
1454 3735 1520 3773 36.
