2384 4126
832 403 1089 437 HISTORIA
1129 402 1339 437 REGUM.
1986 394 2053 442 15

132 529 324 597 liquias
352 530 416 581 de
444 547 661 597 corpore
683 546 778 580 suo
798 529 985 580 furtim
1007 528 1213 579 auferre
1231 528 1532 580 volentibus
1559 530 1749 596 saepius
1769 530 2054 583 obstiterit.

135 602 259 651 Fuit
284 602 448 652 frater
476 602 692 668 quidam
727 601 784 651 in
817 600 1040 668 praefata
1067 600 1490 667 Hagustaldensi
1522 601 1761 664 ecclesia,
1789 602 2059 655 Aldredus

131 673 365 735 nomine,
412 673 500 740 qui
552 690 695 723 nunc
744 672 803 722 in
847 672 1060 723 Christo
1110 671 1413 739 requiescit,
1464 672 1545 722 vir
1589 673 1959 724 veracissimus
2004 681 2057 726 et

129 762 338 794 morum
364 745 628 811 probitate
656 744 990 810 conspicuus,
1033 743 1124 794 sed
1164 750 1217 794 et
1250 743 1307 793 in
1345 743 1634 810 Scripturis
1673 745 1884 795 Sanctis
1919 745 2055 797 bene

131 816 388 878 eruditus,
441 816 532 882 qui
580 816 688 866 tale
737 815 1056 866 miraculum
1107 814 1172 866 de
1225 816 1422 865 Sancto
1471 817 1618 866 Acca
1660 816 1718 865 in
1769 817 2055 884 semetipso

131 893 400 954 patratum
427 887 682 938 fratribus
709 887 948 954 ejusdem
976 886 1212 937 ecclesiae
1237 904 1453 937 narrare
1480 887 1701 938 solebat.
1780 889 1918 938 Cum
1945 889 2057 956 ipse

131 959 305 1009 adhuc
332 965 469 1010 esset
497 959 819 1021 adolescens,
846 958 1249 1024 nutrireturque
1274 958 1332 1007 in
1359 958 1516 1009 domo
1541 958 1722 1009 fratris
1757 960 1856 1023 sui,
1877 962 2054 1028 cujus-

132 1030 253 1080 dam
279 1030 576 1098 presbyteri
604 1031 694 1097 qui
729 1030 1062 1097 saepe-fatam
1106 1030 1596 1096 Hagustaldensem
1631 1031 1852 1098 regebat
1888 1033 2052 1083 eccle-

131 1102 281 1164 siam,
311 1108 596 1169 antequam
624 1102 909 1153 donatione
926 1101 1244 1153 venerabilis
1265 1102 1535 1152 memoriae
1562 1103 1778 1154 Thomae
1801 1104 2054 1167 Secundi,

130 1173 480 1224 Eboracensis
544 1173 941 1240 archiepiscopi,
1003 1173 1271 1223 canonicis
1325 1174 1661 1240 regularibus
1713 1175 1804 1241 qui
1853 1175 2053 1226 ibidem

129 1263 296 1312 usque
322 1245 480 1296 hodie
506 1246 622 1296 Deo
650 1246 887 1296 serviunt
913 1245 1111 1295 tradita
1137 1251 1293 1307 esset,
1329 1246 1530 1312 placuit
1571 1246 1744 1297 eidem
1777 1247 1931 1297 fratri
1959 1266 2054 1298 suo

131 1334 250 1366 ossa
274 1317 562 1368 reverenda
591 1317 775 1367 Sancti
800 1318 958 1367 Accae
1000 1317 1173 1367 adhuc
1208 1334 1330 1367 cum
1364 1317 1579 1384 pulvere
1621 1319 1851 1385 corporis
1886 1319 2055 1370 mixta

130 1406 390 1455 separare,
419 1389 807 1455 separatimque
841 1388 898 1438 in
938 1388 1096 1438 theca
1130 1407 1291 1456 quam
1324 1388 1382 1438 in
1416 1389 1518 1440 hoc
1552 1396 1828 1456 paraverat
1866 1408 2050 1442 recon-

132 1459 271 1510 dere.
349 1461 589 1511 Prolatas
635 1478 761 1527 ergo
800 1460 1129 1511 venerabiles
1168 1460 1421 1526 reliquias
1462 1479 1619 1528 super
1660 1462 1825 1513 altare
1868 1463 2053 1514 Sancti

130 1531 414 1582 Michaelis
458 1532 514 1582 in
561 1532 780 1582 australi
819 1531 1029 1598 porticu
1070 1532 1305 1582 ecclesiae
1346 1532 1509 1582 situm
1533 1533 1818 1599 deposuit,
1870 1534 2052 1601 ibique

130 1620 248 1653 ossa
275 1603 339 1654 de
365 1603 579 1669 pulvere
607 1603 819 1669 collegit
847 1609 900 1653 et
930 1603 987 1652 in
1022 1602 1260 1670 syndone
1295 1603 1496 1653 munda
1529 1603 1771 1655 involuta
1804 1606 1860 1655 in
1895 1606 2054 1656 theca

130 1674 446 1736 recondidit,
475 1681 528 1725 et
555 1675 681 1724 dum
710 1693 826 1725 eam
853 1675 910 1724 in
947 1674 1184 1736 chorum,
1220 1674 1314 1725 ubi
1354 1681 1494 1725 stare
1530 1675 1775 1737 debebat,
1805 1676 2052 1740 deferret,

127 1746 392 1813 porticum
417 1746 566 1796 illam
602 1764 724 1796 cum
758 1746 994 1813 reliquiis
1030 1763 1146 1812 quae
1186 1752 1571 1809 remanserant,
1607 1747 1862 1813 praedicto
1900 1748 2053 1799 fratri

132 1835 227 1868 suo
252 1818 508 1869 tuendam
536 1818 815 1884 delegavit.
895 1817 1005 1869 Qui
1032 1818 1175 1867 solus
1209 1817 1286 1868 ibi
1323 1835 1606 1869 remanens
1639 1819 1796 1886 coepit
1829 1819 1971 1870 inter
1998 1839 2053 1871 se

131 1889 381 1956 cogitare,
411 1889 535 1956 quia
567 1907 764 1956 magno
798 1907 1021 1940 munere
1057 1889 1219 1940 etiam
1254 1890 1506 1956 praecelsa
1539 1890 1790 1956 quaelibet
1832 1892 2053 1943 ecclesia

130 1978 185 2011 se
212 1961 437 2012 ditatam
472 1961 728 2023 crederet,
766 1961 810 2011 si
835 1961 919 2011 vel
958 1979 1128 2011 unum
1171 1961 1236 2012 de
1277 1961 1485 2011 ossibus
1519 1967 1631 2012 tam
1675 1962 1892 2029 gloriosi
1926 1982 2050 2014 con-

130 2032 342 2083 fessoris
390 2033 628 2084 haberet.
704 2032 987 2100 Proposuit
1033 2050 1158 2099 ergo
1204 2032 1271 2083 ad
1315 2033 1481 2084 altare
1527 2034 1794 2097 accedere,
1841 2041 1894 2086 et
1934 2054 2051 2102 per-

132 2104 337 2171 quirere
365 2105 407 2154 si
441 2105 578 2155 forte
613 2105 814 2172 aliquid
848 2105 912 2155 de
952 2104 1175 2154 minutis
1210 2104 1416 2155 ossibus
1456 2105 1514 2154 in
1547 2105 1761 2172 pulvere
1803 2107 2050 2158 relictum

129 2176 365 2227 invenire
391 2182 585 2243 posset,
624 2177 763 2243 quod
798 2194 958 2243 penes
994 2194 1049 2226 se
1083 2193 1345 2242 reponens
1381 2177 1539 2227 alicui
1581 2178 1815 2228 ecclesiae
1850 2179 1914 2228 ad
1956 2179 2050 2229 ho·

130 2265 315 2298 norem
341 2248 446 2299 Dei
481 2254 534 2299 et
571 2248 755 2298 Sancti
780 2250 938 2298 Accae
974 2248 1213 2298 donaret.
1293 2248 1399 2298 Sed
1439 2248 1493 2297 id
1527 2256 1830 2299 reverenter
1867 2268 2051 2317 perpe-

130 2325 272 2370 trare
297 2337 406 2369 non
443 2337 619 2382 ausus,
655 2319 801 2385 prius
838 2319 988 2368 humi
1022 2318 1376 2385 procumbens
1418 2325 1621 2385 septem
1656 2321 2051 2386 poenitentiales

132 2391 363 2457 psalmos
390 2390 576 2441 devote
604 2390 855 2452 cantavit,
882 2391 1060 2440 Deum
1088 2407 1310 2440 exorans
1337 2391 1588 2456 quatinus
1618 2392 1725 2442 tale
1752 2392 1957 2442 furtum
1984 2394 2052 2443 Ei

132 2479 242 2511 non
269 2461 588 2528 displiceret,
617 2462 755 2541 quod
782 2479 891 2511 non
918 2461 1174 2527 sacrilega
1208 2468 1389 2512 mente
1417 2462 1509 2512 sed
1543 2462 1642 2529 piae
1676 2463 1970 2514 devotionis
1998 2471 2051 2516 et

133 2533 488 2583 venerationis
531 2533 702 2599 gratia
744 2533 918 2584 facere
961 2533 1246 2599 cogitabat.
1324 2534 1452 2583 Post
1487 2533 1627 2584 hanc
1662 2535 1958 2586 orationem
1995 2555 2050 2588 se

135 2603 361 2670 erigens,
398 2605 539 2671 quod
581 2610 925 2685 proposuerat
966 2605 1175 2671 explere
1219 2605 1534 2671 temptabat.
1631 2606 1875 2673 Cumque
1914 2608 2052 2659 ostio

132 2674 400 2726 interioris
424 2676 677 2743 portiCUS,
718 2676 776 2726 in
815 2694 918 2743 qua
953 2682 1104 2727 erant
1130 2676 1441 2727 venerandae
1460 2677 1732 2757 ‘reliquiae,
1770 2680 2050 2759 appropin-

134 2753 363 2813 quasset,
391 2747 542 2798 ecce!
585 2747 761 2798 subito
803 2748 944 2798 calor
989 2747 1224 2814 quidam,
1267 2748 1416 2815 quasi
1455 2748 1596 2814 ignis
1637 2751 1940 2829 vaporantis
1986 2752 2051 2803 de

133 2835 223 2869 ore
250 2818 446 2869 clibani
473 2819 722 2882 ardentis,
766 2819 814 2870 ei
847 2819 1033 2870 obvius
1066 2819 1185 2882 fuit,
1224 2837 1451 2886 eumque
1484 2838 1681 2887 magno
1716 2821 1908 2873 timore
1934 2841 2050 2890 per-

134 2890 340 2940 culsum
365 2890 587 2942 retroire
614 2891 802 2957 coegit.
882 2891 983 2942 Ille
999 2909 1122 2942 vero
1150 2891 1369 2942 credens
1395 2891 1496 2942 hoc
1524 2892 1572 2943 ei
1597 2892 1717 2944 ideo
1746 2894 2049 2961 contigisse,

134 2962 274 3028 quod
300 2979 421 3012 cum
446 2962 640 3012 minori
675 2962 953 3014 devotione
989 2981 1148 3030 quam
1183 2963 1400 3014 deberet
1439 2969 1647 3014 tantam
1688 2983 1800 3016 rem
1844 2968 2052 3033 assequi

132 3033 308 3096 vellet,
351 3034 462 3084 solo
501 3039 658 3085 tenus
698 3034 896 3085 iterum
930 3040 1240 3101 prostratuS,
1284 3035 1456 3085 multo
1490 3035 1762 3087 uberiores
1798 3043 1851 3088 et
1892 3038 2048 3089 devo-

133 3104 294 3155 tiores
327 3123 507 3172 preces
543 3124 701 3173 quam
740 3112 897 3157 antea
930 3107 1128 3158 fecerat
1168 3106 1402 3157 Domino
1436 3106 1594 3170 fudit,
1631 3109 1883 3174 quatinus
1910 3110 2053 3176 quod

134 3176 319 3227 devote
370 3177 704 3228 desiderabat
754 3178 914 3245 digne
965 3178 1184 3245 adipisci
1227 3178 1443 3229 valeret.
1534 3180 1664 3229 Post
1715 3180 2050 3247 aliquantum

132 3247 311 3314 itaque
336 3248 676 3300 intervallum
702 3268 942 3316 surgens,
986 3267 1107 3300 cum
1140 3250 1332 3301 timore
1360 3255 1413 3301 et
1439 3251 1736 3302 reverentia
1761 3270 1958 3319 magna
1984 3253 2051 3303 ad

136 3319 330 3369 ostium
380 3320 614 3387 porticus
666 3321 904 3384 accessit,
957 3322 1049 3372 sed
1098 3322 1271 3372 multo
1316 3322 1615 3373 ardentiore
1667 3323 1839 3375 calore
1891 3343 2051 3391 quam

133 3397 288 3441 antea
314 3391 378 3442 de
402 3392 496 3442 illa
522 3393 843 3459 egrediente,
872 3411 1209 3460 repercussus
1236 3399 1333 3444 est.
1412 3393 1534 3445 Quo
1570 3394 1711 3445 facto
1741 3395 2051 3462 intelligens

133 3479 242 3511 non
282 3480 394 3514 esse
419 3463 751 3515 voluntatem
791 3465 896 3515 Dei
935 3471 995 3514 ut
1037 3464 1239 3533 aliquid
1283 3465 1348 3516 de
1391 3465 1628 3532 reliquiis
1675 3467 1860 3517 Sancti
1892 3469 2051 3517 Accae

132 3532 317 3583 furtim
345 3541 654 3601 asportaret,
681 3536 841 3586 tertio
866 3536 923 3586 id
948 3542 1210 3603 temptare
1237 3554 1345 3587 non
1373 3554 1531 3587 ausus
1558 3543 1653 3587 est.

242 3605 347 3655 Sed
387 3612 440 3656 et
482 3607 626 3657 aliud
664 3607 983 3659 miraculum
1024 3608 1088 3658 de
1129 3608 1315 3659 eodem
1356 3609 1474 3658 Deo
1513 3608 1708 3659 dilecto
1750 3608 2047 3658 confessore

132 3692 240 3724 non
285 3682 364 3727 est
405 3677 617 3728 silentio
659 3679 1107 3745 praetereundum,
1162 3679 1302 3745 quod
1342 3679 1499 3729 multi
1542 3679 1631 3745 qui
1674 3696 1842 3744 usque
1894 3679 2049 3729 hodie
