2384 4126
322 367 389 416 10
938 385 1211 420 SYMEONIS
1252 386 1645 420 DUNELMENSIS

427 509 528 561 Ida
552 528 645 562 rex
673 510 826 562 annis
852 513 1096 579 regnavit
1122 514 1195 581 xj,
1234 530 1339 581 quo
1374 512 1660 575 abstractO,
1703 511 1913 578 Glappa
1944 510 1964 577 j
2005 509 2249 577 regnavit

320 599 480 645 anno,
518 601 676 649 quem
706 589 921 634 secutus
947 584 1123 647 Adda,
1151 584 1241 652 viij
1274 585 1427 635 annis
1454 584 1632 636 tenuit
1657 583 1811 650 regni
1837 583 2067 649 fastigia.
2146 581 2250 632 Illo

319 672 444 705 vero
482 660 800 721 penetrante
838 655 948 706 ima
981 674 1077 723 pro
1112 657 1336 720 meritis,
1365 656 1632 707 AEthelric
1666 673 1894 722 regnum
1922 654 2144 721 adeptus
2171 658 2251 704 est

318 731 610 789 terrenum,
653 727 795 794 quod
837 728 1015 778 tenuit
1049 728 1118 796 vij
1156 729 1325 780 annis.
1418 730 1494 791 Is,
1536 733 1740 779 secreta-
1776 726 1973 777 inferni
2010 726 2249 786 visitans,

314 798 648 849 'Theoderico
667 799 893 866 imperia
914 800 1215 868 dereliquit,
1239 800 1329 869 qui
1348 800 1432 852 bis
1451 800 1593 851 binis
1622 799 1775 850 annis
1794 817 2023 866 regnum
2042 804 2250 859 tenenS,

320 887 549 937 regnum
576 871 735 921 simul
760 871 994 938 perdidit
1022 877 1075 923 et
1100 872 1284 936 vitam,

781 965 807 983 “
820 963 1015 1004 Tendens
1034 963 1080 1004 in
1100 966 1296 1005 externas
1315 964 1377 1005 ire
1396 964 1606 1014 tenebras,

824 1018 921 1068 Quo
941 1031 1108 1070 pressus
1127 1019 1310 1071 gravidis
1330 1020 1435 1060 colla
1454 1019 1626 1066 catenis,

822 1072 1003 1125 Cogitur
1023 1086 1138 1115 nunc
1157 1074 1359 1115 miserum
1380 1087 1552 1115 cernere
1571 1072 1818 1126 regnum.”'²

320 1148 450 1199 Post
487 1148 634 1200 hunc
669 1148 965 1200 Frithwold
1002 1149 1225 1217 adeptus
1261 1156 1342 1202 est
1378 1157 1647 1217 sceptrum
1678 1150 1832 1217 regni
1857 1149 1924 1218 vij
1957 1148 2127 1211 annis,
2165 1147 2256 1215 qui

322 1220 627 1272 subtractus
668 1240 699 1272 a
743 1221 937 1272 saeculo
984 1222 1350 1273 monarchiam
1390 1222 1545 1289 regni
1580 1222 1864 1288 dereliquit
1899 1221 2015 1288 regi
2055 1221 2253 1270 Husso.

322 1293 446 1359 Ipse
486 1310 610 1343 vero
650 1292 718 1361 vij
763 1293 918 1344 annis
951 1294 1076 1361 jura
1114 1293 1326 1362 imperii
1363 1299 1572 1358 tenenS,
1614 1294 1802 1345 didicit
1840 1311 1934 1362 per
1973 1311 2027 1344 se
2071 1310 2256 1344 verum

323 1382 436 1416 csse
465 1364 607 1432 quod
635 1365 895 1432 sequitur,

791 1457 946 1498 “Mors
966 1458 1128 1509 spernit
1148 1457 1278 1498 altam
1298 1457 1492 1510 gloriam,

821 1512 1011 1553 Involvit
1029 1513 1193 1554 humile
1212 1514 1372 1565 pariter
1392 1516 1435 1554 et
1455 1513 1614 1555 celsum
1634 1515 1776 1566 caput,

820 1569 1063 1621 AEquatque
1083 1569 1260 1609 summis
1282 1569 1470 1609 infinia.”

431 1659 668 1710 Octavus
693 1658 751 1709 in
775 1677 942 1726 regno
969 1659 1180 1711 refulsit
1206 1659 1546 1727 AEthelfryth
1572 1659 1896 1710 fortissimus
1923 1677 2129 1727 regum,
2150 1657 2259 1726 qui,

321 1749 391 1781 xx
418 1739 471 1782 et
496 1731 586 1799 viij
618 1732 772 1782 annis
798 1749 965 1799 regno
993 1732 1212 1799 potitus,
1240 1732 1352 1782 vita
1388 1739 1441 1783 et
1468 1750 1634 1799 regno
1671 1738 1750 1783 est
1776 1732 2030 1799 privatus.
2113 1731 2259 1782 Huic

326 1803 581 1854 successit
612 1803 870 1855 Edwinus
902 1822 1011 1867 rex,
1054 1804 1146 1871 qui
1172 1803 1334 1855 fidem
1362 1804 1787 1855 Christianitatis
1813 1804 2126 1871 percipiens,
2166 1821 2261 1854 rex

324 1881 378 1927 et
404 1881 610 1943 martyr
644 1876 801 1927 caelos
835 1876 1137 1943 penetravit
1172 1894 1268 1943 pro
1301 1877 1523 1938 meritis,
1566 1877 1668 1943 xvij
1702 1878 1856 1927 annis
1882 1895 2109 1943 regnum
2137 1894 2260 1927 con-

326 1965 542 1999 servans
584 1966 707 1999 cum
748 1948 952 1999 honore
999 1967 1223 1999 summae
1267 1949 1567 2016 potestatis,
1653 1949 1933 2000 Oswaldus
1974 1967 2098 2000 vero
2143 1953 2262 2015 post

324 2019 470 2070 hunc
520 2038 749 2102 reg-num
799 2020 1412 2102 Northanhymhiorum
1466 2020 1958 2071 Christianissimus
2010 2020 2261 2087 suscepit,

328 2092 469 2159 quod
497 2098 550 2143 et
576 2093 663 2160 viij
695 2092 849 2143 annis
883 2093 1091 2144 tenuit:
1136 2093 1227 2160 qui
1267 2111 1509 2160 supernae
1551 2093 1783 2144 civitatis
1823 2093 2017 2160 gaudia
2053 2099 2261 2160 petenS,

329 2171 382 2215 et
422 2164 537 2215 caeli
576 2171 780 2216 secreta
818 2165 1097 2229 scandens,
1101 2164 1113 2196 2'
1153 2184 1391 2248 rewgnum
1421 2171 1540 2232 post
1575 2166 1752 2232 ipsum
1779 2165 1989 2217 Oswius
2020 2183 2114 2216 rex
2147 2183 2260 2215 sus-

328 2236 468 2304 cepit
511 2236 577 2287 ad
617 2237 881 2288 tuendum
925 2256 995 2288 xx
1040 2244 1093 2288 et
1131 2238 1220 2306 viij
1269 2237 1440 2288 annis
1536 2237 1659 2289 Quo
1703 2237 1881 2288 ablato
1925 2237 1991 2288 ah
2031 2237 2155 2288 imis
2198 2236 2264 2287 ad

329 2326 537 2375 supera,
578 2309 799 2360 chrido
836 2309 1104 2360 commisit
1131 2316 1346 2361 terrena
1371 2309 1612 2377 imperia,
1642 2310 1734 2377 qui
1759 2328 1989 2377 regnum
2015 2328 2083 2360 xv
2111 2309 2265 2360 annis

327 2381 520 2432 tenuit.
600 2382 723 2433 Quo
761 2400 791 2432 a
816 2381 983 2432 Pictis
1016 2382 1319 2445 interfecto,
1362 2382 1486 2449 quia
1511 2382 1712 2449 injuste
1738 2387 2037 2433 vastaverat
2066 2381 2264 2432 Hiber-

327 2452 509 2516 niam}
548 2454 792 2520 regnavit
836 2471 931 2521 pro
977 2471 1039 2507 eo
1074 2454 1335 2517 Alfridus,
1378 2455 1545 2506 frater
1589 2455 1720 2522 ejus,
1762 2454 1850 2505 xix
1892 2454 2061 2505 annis.
2141 2454 2264 2505 Quo

329 2525 521 2589 occiso,
563 2526 875 2577 Co'enredus
901 2526 1057 2593 regni
1084 2527 1451 2594 gubernacula
1478 2526 1713 2594 suscepit
1739 2528 1789 2595 xj
1823 2527 1993 2577 annis.
2072 2525 2176 2577 Cui
2209 2526 2269 2575 in

328 2615 556 2664 regnum
594 2598 848 2649 successit
875 2599 1095 2649 Osricus
1122 2599 1172 2666 xj
1205 2599 1377 2650 annis,
1456 2598 1647 2650 Osrico
1673 2617 1797 2650 vero
1826 2598 2081 2650 successit
2110 2598 2265 2649 Ceol-

330 2669 486 2720 wlfus
524 2669 688 2721 frater
727 2670 994 2721 Coenredi
1031 2670 1119 2737 viij
1165 2671 1336 2723 annis.
1427 2671 1576 2722 Huic
1614 2671 1766 2722 Beda
1803 2671 2266 2738 historiographus

330 2741 634 2808 Anglorum
663 2742 966 2792 Historiam
994 2741 1299 2793 destinavit.

416 2867 433 2892 ἢ
463 2867 671 2908 Boethius
691 2867 742 2908 de
762 2868 930 2908 Consol.
953 2868 1218 2920 Philosoph.,
1245 2868 1290 2919 i.,
1318 2872 1356 2917 3,
1377 2869 1446 2916 25,
1470 2869 1536 2911 27.
1595 2869 1763 2910 Several
1783 2869 1931 2917 wordS,
1963 2869 2170 2916 however,
2200 2883 2271 2911 are

334 2923 507 2964 altered.
566 2923 657 2963 The
675 2925 759 2963 two
779 2923 898 2963 short
917 2925 1135 2964 sentences
1166 2924 1307 2965 before
1334 2938 1432 2977 may
1452 2926 1503 2965 be
1524 2925 1695 2965 written
1722 2925 1807 2965 like
1834 2938 1964 2972 verse,
1994 2926 2073 2965 but
2093 2926 2196 2978 they
2216 2926 2269 2965 do

335 2981 413 3018 not
443 2991 571 3019 occur
604 2978 650 3018 in
680 2978 900 3020 Boethius.
966 2979 1056 3020 The
1090 2992 1261 3032 passage
1293 2980 1425 3021 below
1457 2993 1595 3022 comes
1629 2981 1738 3021 from
1766 2981 1841 3021 the
1875 2993 1987 3022 same
2014 2981 2182 3032 author,
2212 2980 2271 3031 ii.,

338 3038 390 3075 12
415 3036 592 3130 *Mil—*hese
612 3088 708 3129 four
728 3088 863 3129 words
883 3101 953 3130 are
974 3088 1217 3131 interlined.
