2384 4126
322 419 427 468 150
884 435 1142 469 HIsToRIA
1180 436 1250 468 DE
1291 435 1332 468 s.
1375 434 1700 469 CUTHBERTO

318 561 412 611 sub
447 561 550 612 Dei
587 567 637 613 et
679 561 865 613 Sancti
908 563 1176 613 Cuthberti
1210 562 1521 624 testimonie,
1560 567 1618 612 ut
1657 562 1704 612 si
1740 561 1856 627 quis
1888 560 2009 611 inde
2044 559 2249 626 aliquid

323 634 616 696 abstulerit,
660 634 936 685 damnetur
969 635 1025 685 iu
1069 635 1152 685 die
1177 634 1379 701 Judicii
1421 652 1535 685 eum
1569 634 1713 684 Juda
1741 633 2016 694 traditore,
2054 638 2102 683 et
2130 638 2241 683 tru-

323 706 484 756 datur
508 706 564 756 in
589 706 759 773 iquem
784 712 1047 768 (eternum,
1082 707 1170 773 qui
1198 712 1428 772 paratus
1454 712 1531 757 est
1560 706 1763 756 diabolo
1791 711 1842 756 et
1868 705 2067 772 auqelis
2093 702 2251 770 ejusnf

432 777 687 845 Implevit
713 777 875 829 etiam
910 778 1192 846 praedictas
1233 795 1426 845 coppas
1465 777 1692 845 pecunia
1723 777 1943 844 optima,
1987 781 2058 838 et,
2090 776 2246 843 jussu

321 848 507 916 ipsius,
535 849 734 901 obtulit
758 855 905 901 totus
926 850 1191 902 exercitus
1212 851 1327 918 ejus
1357 851 1555 901 Sancto
1572 849 1872 901 Cuthberto
1889 848 1960 916 xij
1982 847 2244 910 hundred,

324 927 378 972 et
405 939 467 972 eo
496 922 738 989 amplius.

434 994 680 1045 Fratrem
730 1011 854 1045 vero
905 1011 1064 1044 suum
1114 993 1497 1044 Eadmundum
1549 993 1614 1044 de
1665 993 1951 1043 sanctitate
2002 998 2056 1043 et
2102 991 2246 1043 fideli

322 1065 621 1132 patrocinio
656 1065 828 1116 sancti
855 1065 1187 1117 Confessoris
1224 1065 1510 1132 diligenter
1543 1064 1691 1132 prius
1726 1064 1976 1115 edoctum
2010 1064 2246 1115 fraterne

324 1137 672 1200 commonuit,
701 1143 763 1187 ut
790 1137 834 1187 si
861 1137 990 1203 quid
1017 1136 1220 1187 sinistri
1247 1137 1349 1188 sibi
1382 1137 1441 1187 in
1476 1137 1577 1187 hac
1618 1136 1953 1204 expeditione
1989 1136 2244 1199 eveniret,

323 1226 514 1275 corpus
565 1227 723 1259 suum
772 1210 970 1259 Sancto
1022 1208 1324 1260 Cuthberto
1372 1208 1613 1272 referret,
1666 1215 1719 1259 et
1771 1208 1821 1259 ei
1867 1208 2004 1258 illud
2052 1207 2110 1258 in
2161 1208 2247 1259 die

316 1280 510 1347 judicii
560 1281 676 1331 Deo
721 1280 1216 1347 repraesentandum
1267 1280 1683 1332 commendaret.
1761 1280 1890 1331 Post
1933 1280 2061 1330 haec‘
2094 1279 2246 1342 abiit,

321 1352 551 1403 feliciter
576 1353 852 1420 pugnavit,
881 1370 1129 1419 prospere
1155 1352 1333 1415 rediit,
1371 1353 1637 1420 sapienter
1670 1352 1856 1402 multis
1884 1351 2036 1403 annis
2064 1357 2248 1419 postea

320 1424 583 1491 regnavit,
610 1425 831 1476 tandem
850 1425 1080 1476 feliciter
1099 1425 1248 1476 obiit.
1313 1426 1394 1476 Eo
1412 1425 1683 1486 defuncto,
1705 1424 2056 1475 Eadmundus
2083 1423 2248 1475 frater

322 1497 439 1564 ejus
488 1497 544 1546 in
595 1514 825 1577 regnum
877 1497 1148 1560 successit,
1206 1515 1465 1564 magnum
1514 1515 1699 1547 rursus
1762 1496 2056 1548 exercitum
2119 1513 2244 1547 con-

321 1569 581 1636 gregavit,
620 1576 673 1620 et
708 1569 766 1619 in
809 1569 1072 1620 Scottiam
1112 1570 1431 1637 properavit.
1511 1570 1579 1619 In
1614 1568 1790 1620 eundo
1824 1575 2008 1620 tamen
2035 1568 2102 1619 ad
2127 1586 2243 1619 ora-

319 1641 522 1691 torium
565 1641 751 1692 Sancti
793 1641 1079 1693 Cuthberti
1119 1641 1355 1704 divertit,
1409 1647 1533 1693 ante
1575 1642 1879 1708 sepulcrum
1924 1641 2038 1709 ejus
2073 1658 2249 1707 genua

320 1713 487 1775 flexit,
529 1731 712 1780 preces
752 1713 911 1776 fudit,
955 1731 1009 1764 se
1046 1719 1099 1765 et
1135 1731 1258 1764 suos
1299 1715 1417 1765 Deo
1450 1719 1503 1765 et
1534 1719 1718 1764 sancto
1758 1712 2063 1764 Confessori
2101 1730 2243 1763 com-

319 1785 623 1836 mendavit:
668 1785 932 1836 exercitus
970 1786 1248 1853 sexaginta
1287 1785 1450 1836 libras
1486 1785 1714 1836 obtulit:
1767 1785 1880 1852 ipse
1917 1802 2042 1836 vero
2082 1803 2247 1836 manu

319 1857 535 1924 propria
571 1857 608 1924 ij
655 1857 892 1908 armillas
936 1875 1141 1921 aureas,
1185 1863 1238 1909 et
1278 1858 1315 1925 ij
1360 1857 1523 1925 pallia
1564 1858 1754 1908 Graeca
1796 1875 1955 1924 supra
1998 1863 2245 1907 sanctum

320 1946 510 1995 corpus
560 1929 768 1996 posuit:
824 1947 1011 1997 pacem
1055 1947 1179 1980 vero
1225 1935 1278 1981 et
1318 1930 1511 1996 legem,
1559 1947 1720 1996 quam
1759 1947 1999 1996 unquam
2036 1928 2245 1991 habuit,

317 2001 612 2063 meliorem,
658 2001 807 2052 omni
849 2007 1007 2053 terrae
1054 2002 1241 2053 Sancti
1283 2001 1572 2060 Cuthberti
1613 2001 1777 2064 dedit,
1828 2001 2009 2051 datam
2054 2001 2243 2051 confir-

318 2073 514 2125 mavit:
557 2079 610 2124 et
635 2073 809 2124 factus
846 2073 998 2140 quasi
1025 2074 1161 2125 alter
1186 2074 1480 2136 Abraham,
1525 2073 1615 2140 qui
1650 2091 1939 2140 properans
1973 2073 2029 2122 in
2063 2072 2246 2124 hostes

316 2163 510 2212 panem
528 2150 581 2196 et
590 2145 773 2196 vinum
789 2145 1123 2197 Melchisede
1135 2146 1200 2213 (c)
1213 2146 1249 2196 h
1266 2145 1481 2208 obtulit,
1497 2145 1651 2195 finita
1666 2145 1923 2208 oratione,
1932 2144 2246 2195 multotiens

317 2235 373 2268 se
401 2223 454 2268 et
480 2222 657 2268 totum
684 2217 980 2268 exercitum
1006 2218 1165 2269 beato
1192 2217 1499 2270 Confessori
1527 2217 1926 2280 commendanS,
1956 2216 2127 2267 abiiw

424 2289 489 2340 Iu
533 2290 735 2341 nomine
778 2290 881 2341 Dei
928 2290 1127 2341 Summi
1167 2297 1217 2342 et
1259 2290 1551 2342 Iozdz‘vz'duoe
1601 2290 1896 2352 Trinitatis,
1938 2289 2074 2355 Eyo,
2118 2290 2248 2355 Styr

303 2362 455 2427 filius·
504 2361 646 2427 Ulfist
691 2363 970 2428 impetravi
1021 2381 1053 2413 a
1100 2364 1305 2414 domiuo
1350 2380 1460 2413 meo
1505 2362 1790 2413 Ethelredo
1835 2379 1955 2428 reye
1996 2367 2056 2412 ut
2096 2361 2248 2412 daret

317 2435 513 2485 Sancto
546 2435 827 2486 Cuthberto
855 2436 1035 2485 villam
1063 2453 1174 2502 quce
1209 2441 1428 2486 vocatur
1452 2435 1862 2501 DeartMnytmz,
1903 2450 2017 2484 eum
2043 2451 2170 2484 saca
2198 2439 2248 2484 et

313 2523 506 2566 socna;
548 2512 598 2557 et
624 2524 715 2573 esso
743 2507 843 2557 emi
873 2508 1101 2573 propria
1134 2508 1364 2573 pecunia
1392 2512 1441 2558 et
1474 2507 1594 2557 dedi
1631 2507 1825 2557 Sancto
1860 2505 2137 2556 Cuthberto
2164 2506 2249 2572 iiij

315 2650 603 2712 Hallzturie,
631 2657 682 2702 et
708 2651 772 2717 ii]
795 2652 851 2702 iu
877 2620 1324 2714 Northmanuabi,
1357 2656 1406 2702 et
1432 2652 1475 2717 ij
1503 2652 1559 2701 iu
1598 2651 1864 2712 Ceattuue,
1906 2667 2019 2700 cum
2044 2667 2172 2700 saca
2198 2656 2248 2700 et

313 2739 491 2784 socna,
544 2728 595 2773 et
635 2722 679 2788 ij
716 2723 772 2773 in
816 2722 1174 2784 Lummalea52
1224 2724 1317 2774 sub
1358 2723 1650 2774 testimonio
1695 2721 1971 2773 Ethelredi
2020 2722 2160 2788 reyis
2198 2727 2248 2773 et

391 2847 417 2879 s
442 2847 618 2888 Instead
649 2848 695 2888 os
719 2849 869 2890 “Haec
898 2850 1041 2890 omnia
1071 2850 1167 2901 d0,''
1198 2850 1272 2891 the
1302 2850 1521 2902 following
1544 2850 1677 2890 words
1704 2863 1831 2891 occur
1856 2849 1902 2890 in
1923 2850 1997 2891 the
2018 2849 2247 2890 Cottonian

316 2902 410 2943 MS.
428 2919 436 2943 ε
478 2904 503 2922 “
520 2902 613 2943 Has
646 2903 785 2955 villas,
809 2917 913 2956 quas
943 2905 1154 2945 malorum
1188 2905 1432 2957 malignitas
1465 2907 1517 2946 ab
1551 2905 1724 2946 ecclesia
1756 2905 1895 2945 multo
1928 2907 2027 2945 ante
2059 2908 2248 2957 tempore

314 2957 560 3007 abstulerat,
589 2958 730 2998 reddo.
734 2959 759 2976 '’
818 2959 908 2999 The
926 2962 1020 3000 text
1039 2962 1083 2999 at
1101 2961 1176 3000 the
1197 2961 1280 3001 end
1300 2973 1438 3001 comes
1458 2961 1568 3000 from
1589 2960 1649 3000 St.
1671 2960 1800 3000 Matt
1821 2973 1918 3000 xxv.
1939 2963 2005 3000 41

396 3020 419 3045 g
450 3012 540 3053 'Phe
572 3012 826 3065 Cambridge
857 3014 952 3055 MS.
984 3015 1087 3055 ends
1113 3015 1225 3065 here,
1257 3015 1341 3055 and
1367 3016 1442 3055 the
1469 3015 1609 3055 Saxon
1629 3014 1762 3054 Poem
1782 3027 1837 3054 on
1856 3015 2054 3054 Durham
2075 3014 2245 3055 follows.

317 3067 407 3107 The
438 3080 532 3107 new
551 3069 707 3108 matter
726 3068 865 3108 which
894 3069 930 3108 is
961 3082 1057 3109 now
1084 3069 1212 3121 given
1242 3070 1278 3110 is
1305 3069 1406 3122 only
1428 3072 1472 3110 to
1494 3070 1544 3110 be
1565 3069 1728 3110 found
1717 3082 1764 3109 111
1783 3070 1857 3109 the
1879 3069 2042 3109 Oxford
2062 3069 2170 3120 MS.
2199 3069 2246 3109 in

316 3122 456 3162 which
476 3122 550 3162 the
569 3121 702 3163 Poem
722 3123 820 3163 does
839 3125 916 3163 not
935 3136 1088 3176 appear
1107 3126 1151 3163 at
1170 3124 1237 3165 all.

399 3176 417 3201 '²
448 3177 709 3229 Respecting
728 3177 841 3230 Styr,
862 3178 936 3218 the
956 3192 1031 3218 son
1051 3179 1097 3219 of
1113 3179 1202 3228 Ulf,
1228 3192 1295 3219 see
1313 3179 1388 3219 the
1408 3180 1511 3219 next
1529 3178 1660 3230 piece,
1687 3179 1754 3218 De
1780 3179 2016 3218 Obsessione
2035 3180 2245 3220 Dunelmi.

399 3230 770 3284 ‘Dearthingtom
791 3233 899 3284 spelt
917 3234 974 3285 by
994 3233 1179 3285 Symeon
1198 3233 1510 3285 Dearnington,
1530 3234 1564 3273 is
1584 3233 1854 3284 Darlington,
1878 3233 1925 3273 in
1945 3234 2085 3274 which
2103 3235 2246 3285 parish

314 3299 385 3327 are
399 3286 637 3328 Cockerton
649 3287 734 3326 and
748 3286 947 3329 Newton.
1004 3288 1281 3341 Cingcesclife
1293 3289 1328 3329 is
1343 3288 1581 3330 Coniscliffe
1596 3304 1606 3338 3
1632 3289 1716 3328 and
1732 3288 1970 3339 Halhtune,
1984 3289 2246 3341 Haughton-

314 3341 562 3389 le-Skerne3
598 3342 821 3383 Ceathune
854 3342 889 3383 is
921 3342 1089 3393 Seaton,
1119 3344 1166 3383 in
1197 3344 1272 3384 the
1305 3344 1450 3395 parish
1480 3344 1527 3384 of
1552 3343 1781 3391 Stranton3
1820 3344 2181 3397 Northmannaby
2211 3345 2247 3385 is

314 3396 582 3449 Normanby,
613 3409 668 3437 on
697 3397 772 3438 the
803 3397 992 3449 opposite
1019 3398 1106 3439 side
1126 3399 1173 3438 of
1196 3399 1271 3439 the
1292 3398 1423 3448 Tees;
1452 3399 1535 3439 and
1554 3398 1805 3439 Lummalea
1823 3398 1858 3439 is
1878 3399 2074 3451 Lumley,
2104 3399 2150 3439 in
2172 3400 2245 3440 the

314 3452 458 3503 par-ish
479 3452 525 3492 of
551 3451 952 3494 Chester-le-street.
1012 3453 1128 3493 Both
1149 3453 1333 3506 Symeon
1356 3454 1491 3505 (Hist.
1512 3454 1626 3495 Eccl.
1647 3454 1864 3504 Dunelm„
1885 3455 1996 3495 book
2015 3454 2090 3505 iii„
2111 3468 2146 3495 c.
2167 3454 2242 3505 iv.)
2272 3494 2283 3511 -.

313 3507 399 3547 and
418 3507 492 3547 the
512 3520 777 3559 anonymous
796 3507 953 3557 writer,
983 3507 1049 3548 De
1079 3508 1300 3560 Episcopis
1322 3509 1753 3556 Lindisfar11ensibus‚
1784 3510 1894 3549 from
1913 3509 2053 3550 which
2072 3509 2244 3560 copious

313 3563 498 3602 extracts
517 3575 586 3603 are
607 3562 732 3614 given
751 3563 809 3614 by
827 3562 991 3603 Leland
1014 3563 1314 3616 (Collectanea,
1348 3564 1428 3605 vol.
1449 3564 1492 3614 i.,
1517 3578 1586 3616 pp.
1608 3564 1827 3616 365-386),
1858 3564 1998 3605 notice
2018 3564 2092 3605 the
2118 3567 2245 3616 grant

311 3617 357 3657 of
382 3616 653 3669 Darlington.
714 3617 898 3668 Symeon
920 3631 1026 3671 says,
1058 3619 1084 3637 “
1100 3618 1171 3659 He
1191 3619 1326 3659 added
1346 3620 1470 3660 other
1490 3619 1624 3669 lands,
1655 3619 1795 3659 which
1821 3632 1892 3659 are
1919 3620 2118 3659 recorded
2139 3620 2241 3659 else-

310 3672 495 3722 where,'’
523 3672 678 3725 clearly
697 3672 907 3724 referring
937 3675 983 3713 to
1013 3673 1087 3714 the
1119 3675 1234 3714 work
1264 3674 1406 3715 before
1435 3687 1497 3714 us.
1558 3674 1755 3715 Leland's
1784 3674 2004 3727 authority
2030 3674 2243 3715 mentions

309 3727 383 3768 the
403 3727 605 3768 localities
625 3728 671 3767 of
695 3728 769 3768 the
789 3728 912 3769 other
933 3728 1052 3769 lands
1073 3732 1222 3781 except
1242 3729 1439 3782 Lumley,
1470 3729 1609 3770 which
1629 3730 1682 3770 he
1704 3729 1841 3769 omits
