2384 4126
334 352 439 402 266
1097 371 1376 405 APPENDIX
1415 371 1488 404 1v.

332 500 496 561 toque
530 496 710 563 pallio,
751 515 874 549 cum
910 516 965 549 se
1002 498 1171 550 linteo
1206 497 1588 566 praecinxisset,
1628 498 1802 565 posita
1841 497 1898 547 in
1933 495 2072 564 pelvi
2105 515 2257 564 aqua,

333 567 497 634 coepit
540 568 717 621 lavare
761 571 918 638 pedes
961 589 1147 622 eorum
1192 577 1245 621 et
1286 576 1578 637 extergere,
1633 576 1973 637 extersosque
2017 569 2259 636 utrisque

332 640 701 708 constringere
721 643 987 706 manibus,
1010 649 1063 694 et
1090 643 1431 694 devotissime
1452 642 1697 693 osculari.
1776 642 1879 693 Cui
1899 660 1997 709 ego
2012 663 2026 704 3
2061 647 2095 669 (ζ
2115 641 2260 694 Quid

336 715 369 739 “
390 712 521 779 agis,
560 713 799 781 inquam,
840 733 871 766 o
897 716 1157 766 domina?
1234 716 1393 766 Certe
1436 715 1481 766 si
1515 733 1608 766 rex
1635 714 1795 766 sciret
1820 714 1939 777 ista,
1979 732 2259 781 nunquam

334 788 369 811 “
390 802 449 835 os
475 791 650 849 tuum,
691 787 816 839 tabe
842 788 940 839 tali
973 788 1259 855 pollutum,
1300 787 1408 838 suis
1452 787 1765 854 dignaretur
1798 792 2018 854 tangere
2043 786 2256 837 labiis.”

332 857 483 908 Tunc
509 857 603 909 illa
623 859 921 923 subridenS,
964 865 997 887 “
1016 860 1240 923 Pedes,”
1281 860 1373 923 ait,
1415 864 1449 887 “
1470 860 1634 927 Regis
1670 859 1884 910 AEterni
1912 859 2031 926 quis
2056 858 2260 909 nesciat

334 928 545 980 “labiis
587 931 728 998 regis
770 932 1021 983 morituri
1062 951 1176 984 esse
1216 932 1615 1000 praeferendos?
1707 932 1852 999 Ergo
1895 937 2054 994 certe,
2093 931 2261 982 frater

332 1001 678 1084 “carissime,
735 1004 935 1055 idcirco
984 1005 1167 1056 vocavi
1215 1011 1287 1067 te,
1333 1010 1394 1055 ut
1446 1004 1687 1072 exemplo
1738 1021 1858 1055 meo
1907 1003 2038 1054 talia
2087 1004 2260 1054 discas

332 1077 367 1101 “
388 1075 612 1154 operari
617 1075 652 1099 ’'
730 1077 958 1144 Sumpta
982 1077 1175 1128 deinde
1201 1077 1357 1144 pelvi,
1387 1081 1421 1105 “
1440 1077 1603 1140 Fac,”
1633 1077 1726 1139 ait,
1756 1081 1789 1104 “
1808 1076 1950 1143 quod
1975 1094 2061 1126 me
2088 1075 2261 1126 facere

331 1149 367 1173 “
386 1146 629 1198 intueris.
635 1147 669 1172 '³
746 1149 834 1199 Ad
859 1149 1000 1199 hanc
1026 1167 1210 1200 vocem
1230 1149 1573 1200 vehementer
1599 1148 1801 1216 expavi,
1843 1155 1897 1199 et
1922 1148 2073 1198 nullo
2101 1148 2259 1198 modo

329 1218 386 1268 id
417 1236 502 1269 me
536 1220 650 1286 pati
690 1238 843 1287 posse
881 1221 1167 1288 respondi:
1208 1238 1308 1272 nec
1338 1221 1468 1272 dum
1500 1221 1644 1272 enim
1680 1220 1912 1271 sciebam
1944 1220 2259 1283 Dominum,

332 1308 431 1342 nec
475 1292 739 1343 revelatus
786 1293 962 1344 fuerat
1006 1293 1140 1344 mihi
1188 1293 1419 1361 Spiritus
1465 1294 1617 1361 Ejus
1712 1293 1817 1343 Illa
1866 1292 2034 1359 igitur
2073 1293 2259 1360 coeptis

331 1362 636 1427 insistente,
679 1383 778 1433 ego
806 1384 926 1417 mea
952 1366 1110 1434 culpa
1135 1366 1334 1429 ridens,
1378 1366 1611 1417 remeavi
1639 1366 1705 1416 ad
1733 1365 1902 1416 socios
1930 1374 2116 1416 meos.⁷'

415 1555 431 1573 r
457 1547 629 1590 Besides
660 1550 734 1591 the
768 1551 953 1591 extracts
984 1550 1111 1602 given
1142 1550 1285 1599 above,
1315 1549 1389 1591 the
1425 1549 1642 1602 following
1667 1562 1853 1602 passage,
1874 1549 2014 1589 which
2041 1562 2189 1589 occurs
2217 1549 2262 1589 in

330 1603 507 1656 chapter
537 1604 670 1656 xviii,
712 1605 747 1645 is
781 1605 970 1646 ascribed
1003 1606 1049 1645 in
1081 1618 1195 1645 some
1230 1605 1355 1646 MSS.
1388 1607 1433 1646 to
1467 1606 1633 1657 Turgot
1652 1605 1849 1646 z-—Anno
1881 1604 2058 1645 Domini
2091 1604 2261 1646 M.lxvii.

331 1658 487 1699 Sancta
516 1660 762 1713 Margareta
792 1662 989 1712 copulata
1020 1660 1104 1701 fuit
1133 1660 1506 1701 matrimonialiter
1534 1661 1627 1713 regi
1657 1661 1886 1701 Malcolmo
1915 1673 2027 1700 anno
2052 1660 2175 1712 regni
2195 1660 2261 1700 sui

330 1714 494 1756 decimo
510 1719 674 1768 quarto.
735 1716 821 1757 Hic
836 1716 1040 1768 Angliam
1056 1729 1191 1768 usque
1207 1716 1435 1757 Cleveland
1455 1717 1650 1766 vastavit,
1670 1719 1713 1757 et
1732 1716 1898 1757 rediens
1917 1728 1992 1768 per
2003 1715 2262 1765 VVervicam,

330 1783 427 1821 quae
458 1773 521 1812 est
552 1771 712 1812 ostium
732 1771 856 1812 Weri
888 1771 1091 1822 fluminis,
1121 1772 1300 1812 intravit
1327 1771 1525 1821 Scotiam,
1556 1774 1599 1812 et
1627 1750 1794 1812 ihvenit
1820 1775 1919 1812 ante
1947 1784 1989 1811 se
2015 1771 2262 1822 Eadgarum

330 1824 539 1879 Etheling
569 1829 611 1867 et
645 1839 806 1867 sorores
839 1840 934 1867 suas
968 1827 1258 1876 Margaretam
1288 1829 1332 1867 et
1363 1805 1627 1867 Christinam
1660 1827 1706 1866 in
1745 1840 1851 1867 nave
1881 1826 2099 1866 latitantes
2132 1839 2262 1888 prope

331 1880 509 1930 Culros3
549 1884 592 1922 et
626 1882 912 1934 Margaretam
947 1882 1221 1922 matrimonio
1254 1882 1482 1934 copulavit.
1552 1882 1771 1922 Christina
1804 1895 1903 1923 vero
1937 1895 2053 1922 soror
2086 1880 2178 1933 ejus
2216 1882 2262 1921 in

331 1935 493 1977 Christi
525 1950 721 1989 sponsam
753 1937 1030 1978 benedicitur
1089 1937 1344 1977 Malcolmus
1370 1950 1445 1978 rex
1477 1937 1630 1989 genuit
1659 1950 1711 1978 ex
1736 1938 1982 1988 Margareta
2001 1949 2073 1976 sex
2093 1936 2261 1977 inclitos

331 1991 453 2042 filios,
483 1992 643 2033 scilicet
661 1993 960 2043 Eadwardum,
984 1993 1305 2043 Eadmundum,
1331 1993 1640 2043 AEthelredum,
1664 1993 1923 2044 Eadgarum,
1953 1992 2261 2042 Alexandrum,

328 2049 372 2087 et
394 2049 588 2088 omnium
608 2061 759 2100 regum
781 2048 1124 2088 strenuissimum
1145 2047 1307 2098 David3
1337 2051 1380 2088 et
1400 2048 1505 2088 duas
1525 2047 1645 2098 filias,
1671 2048 1898 2088 Matildem
1917 2047 2089 2097 scilicet,
2118 2051 2264 2098 postea

329 2104 523 2155 reginam
542 2103 726 2155 Angliae,
747 2106 1029 2155 cognomento
1047 2103 1226 2153 Bonam,
1242 2105 1285 2144 et
1300 2103 1484 2143 Mariam
1505 2103 1761 2143 comitissam
1777 2103 1984 2143 Bononiae
2003 2120 2010 2143 z
2042 2103 2091 2142 de
2107 2103 2263 2154 quibus

330 2158 508 2210 singulis
535 2162 679 2210 postea
705 2172 781 2199 suo
812 2159 904 2199 loco
934 2158 1111 2199 dicetur.
1172 2158 1319 2208 Qualis
1340 2171 1452 2208 vero,
1472 2158 1539 2199 vel
1559 2158 1709 2210 quanti
1730 2158 1872 2198 meriti
1893 2158 2031 2198 fuerat
2051 2157 2123 2197 illa
2142 2159 2264 2198 beata

330 2214 477 2265 regina
508 2214 755 2266 Margareta
781 2215 895 2266 apud
923 2214 1065 2254 Deum
1085 2216 1128 2254 et
1147 2214 1355 2264 homines,
1385 2213 1519 2254 vitam
1539 2214 1630 2266 ejus
1650 2213 1906 2254 laudabilem
1925 2216 1968 2254 et
1988 2216 2182 2263 mortem,
2214 2226 2262 2253 ac

329 2269 548 2320 miracula,
568 2270 676 2310 liber
695 2269 794 2310 inde
810 2269 1028 2310 confectus
1043 2269 1284 2320 legentibus
1304 2269 1545 2310 declarabit.
1605 2269 1650 2309 It
1669 2269 1754 2309 will
1774 2270 1824 2309 be
1846 2281 1943 2309 seen
1963 2269 2058 2308 that
2078 2269 2151 2308 the
2172 2269 2263 2308 first

328 2331 425 2377 part
445 2326 491 2366 of
516 2324 603 2366 this
622 2327 801 2375 extract,
831 2325 1041 2377 although
1061 2324 1096 2364 it
1116 2325 1192 2365 has
1211 2338 1236 2364 a
1255 2325 1426 2376 general
1455 2325 1739 2365 resemblance
1759 2327 1803 2364 to
1823 2324 1896 2364 the
1922 2324 2095 2376 parallel
2114 2336 2261 2363 narra-

327 2381 416 2421 tive
446 2380 493 2420 in
523 2381 597 2421 the
632 2380 826 2421 Historia
851 2380 1037 2432 Regum,
1068 2380 1211 2420 differs
1239 2380 1477 2432 materially
1499 2380 1609 2420 from
1628 2380 1676 2421 it.
1735 2379 1792 2419 In
1812 2380 1886 2420 the
1905 2379 2032 2419 latter
2052 2380 2167 2419 work
2188 2379 2262 2419 the

329 2437 420 2476 first
439 2436 580 2477 casual
599 2436 788 2488 meeting
808 2436 854 2476 of
876 2434 1083 2476 Malcolm
1101 2435 1208 2475 with
1227 2435 1374 2489 Edgar
1393 2435 1605 2488 Atheling
1631 2435 1715 2476 and
1741 2435 1807 2476 his
1827 2435 1997 2475 mother
2016 2434 2100 2475 and
2120 2434 2262 2475 sisters

327 2491 364 2533 is
383 2492 473 2533 said
491 2493 536 2532 to
556 2492 663 2533 have
682 2492 791 2533 been
809 2493 855 2532 at
873 2491 1177 2533 Wearmouth.
