2384 4126
776 382 1023 417 AUCTORE
1062 382 1346 417 ANoNYMO.
1919 370 2021 420 157

113 528 286 562 comes
335 509 626 573 Waltheof,
688 515 802 560 erat
852 509 996 560 enim
1045 509 1187 560 filius
1236 509 1360 560 filiae
1409 509 1573 572 illius,
1632 510 1796 560 missa
1853 511 2025 562 multa

104 582 362 649 juvenum
401 600 583 645 manu,
619 581 702 632 avi
740 581 824 631 sui
861 580 1291 632 interfectionem
1323 581 1634 648 gravissima
1672 581 1820 632 clade
1850 581 2022 632 vindi-

112 654 266 704 cavit.
343 654 513 704 Erant
562 671 793 720 namque
843 653 941 703 filii
990 653 1117 704 Carl
1167 652 1509 704 convivantes
1559 653 1720 703 simul
1763 653 1821 703 in
1865 653 2022 704 domo

110 724 288 775 fratris
317 725 399 775 sui
425 725 641 792 majoris
667 724 724 774 in
754 724 1135 791 Seteringetun
1159 742 1270 775 non
1296 725 1453 791 longe
1481 724 1546 775 ab
1572 725 1845 787 Eboraco3
1890 742 2021 791 quos

109 796 380 863 inopinate
427 796 517 862 qui
558 796 708 846 missi
756 796 970 847 fuerant
1010 802 1442 863 praeoccupantes
1489 814 1627 847 saeva
1670 796 1818 847 clade
1864 796 2025 846 simul

108 874 462 934 peremerunt,
490 873 683 935 praeter
709 868 1030 930 Cnutonem,
1059 867 1146 918 cui
1170 885 1266 935 pro
1292 868 1455 918 insita
1479 868 1561 918 illi
1590 867 1831 919 bonitate
1858 868 2022 918 vitam

108 939 480 1006 permiserunt.
566 939 895 1002 Sumerlede,
935 939 1027 1007 qui
1067 957 1236 1006 usque
1286 939 1443 991 hodie
1488 945 1745 1006 superest,
1786 938 1863 990 ibi
1912 956 2022 990 non

109 1011 306 1061 aderat.
385 1010 589 1061 Deletis
616 1011 737 1061 filiis
766 1017 819 1061 et
844 1010 1127 1078 nepotibus
1156 1011 1303 1062 Carli
1335 1011 1533 1062 reversi
1573 1017 1717 1074 sunt,
1758 1011 1931 1062 multa
1963 1012 2022 1061 in

108 1082 266 1133 variis
295 1082 569 1150 speciebus
596 1083 763 1149 spolia
787 1088 1137 1149 reportantes.

219 1155 324 1205 Sed
348 1161 409 1205 ut
446 1155 512 1205 ad
546 1154 816 1221 superiora
849 1154 1030 1205 redeat
1072 1154 1244 1205 stilus.
1323 1155 1514 1205 Comes
1540 1154 1806 1205 Aldredus
1835 1155 2021 1222 genuit

108 1226 343 1293 quinque
370 1226 521 1288 filias,
550 1244 774 1293 quarum
799 1232 909 1277 tres
944 1226 1129 1277 eodem
1155 1225 1371 1277 nomine
1405 1227 1648 1278 AElfledae
1673 1226 2020 1290 vocabantur,

108 1305 298 1364 quarta
335 1297 612 1364 Aldgitha,
655 1297 843 1365 quinta
885 1298 1253 1348 AEtheldritha
1291 1298 1687 1349 nominabatur.
1782 1300 1862 1349 Ex
1913 1317 2023 1349 una

106 1370 456 1420 AElfledarum
484 1369 751 1420 Siwardus
783 1387 958 1420 comes
990 1369 1176 1436 genuit
1206 1370 1455 1420 comitem
1486 1370 1874 1421 Waltheofum.
1951 1372 2024 1421 Et

108 1459 232 1492 cum
270 1441 385 1508 ipsa
424 1441 656 1492 AElfleda
690 1448 828 1492 esset
870 1441 1155 1503 comitissa,
1198 1442 1450 1508 quoniam
1491 1448 1604 1492 erat
1649 1441 1758 1492 filia
1798 1441 2022 1493 Aldredi

110 1513 336 1576 comitis,
379 1519 432 1563 et
464 1513 575 1579 ipse
608 1512 746 1562 filius
773 1513 1035 1563 Vcthredi
1062 1513 1271 1564 comitis
1303 1520 1356 1564 et
1394 1513 1515 1564 filiae
1541 1513 1747 1563 Alduni
1772 1513 2021 1580 episcopi,

109 1584 421 1635 acclamavit
454 1584 570 1651 ipsa
604 1584 726 1651 jure
762 1584 1098 1635 haereditario
1124 1585 1219 1635 has
1248 1585 1579 1651 supradictas
1605 1591 1791 1647 terras,
1821 1586 2020 1636 Berne-

106 1662 224 1718 tun,
261 1655 707 1723 (S)kyrningeim,
743 1656 928 1717 Eltun,
972 1656 1216 1718 Carltun,
1258 1656 1489 1718 Heaclif,
1532 1656 1854 1719 Heseldene,
1891 1675 2022 1723 quas

106 1745 282 1778 comes
310 1727 594 1789 Siwardus,
624 1726 848 1777 maritus
875 1744 1020 1789 suus,
1048 1727 1096 1777 ei
1121 1727 1356 1789 donavit,
1385 1734 1438 1778 et
1463 1727 1573 1778 filio
1600 1745 1694 1777 suo
1715 1727 2024 1778 Waltheofo

106 1799 421 1850 comitatum
453 1798 949 1866 Northymbrorum
974 1799 1137 1861 dedit,
1176 1799 1315 1849 sicut
1349 1799 1514 1866 ipsius
1540 1799 1833 1849 Waltheofi
1874 1818 2021 1861 avus,

105 1870 309 1921 scilicet
336 1887 511 1921 comes
537 1869 823 1933 Aldredus,
856 1870 1134 1921 habuerat.
1212 1870 1435 1921 Mortuo
1473 1870 1708 1921 Siwardo
1744 1871 1937 1922 comite
1970 1878 2024 1922 et

105 1942 373 1993 comitissa
410 1941 640 1992 AElfleda
678 1942 789 1992 filia
827 1942 1051 1993 Aldredi
1092 1942 1321 2005 comitis,
1363 1960 1529 1993 werra
1566 1948 1835 2009 surgente,
1868 1948 2025 1994 terrae

103 2014 209 2065 illae
244 2019 462 2064 vastatae
497 2019 638 2064 sunt.
716 2014 845 2064 Post
875 2014 1109 2064 multum
1142 2020 1352 2081 tempus
1378 2014 1536 2065 Arkil
1570 2015 1711 2064 filius
1737 2014 2021 2081 Ecgfridae,

104 2086 169 2136 de
196 2103 300 2152 quo
328 2103 487 2152 supra
512 2085 717 2136 dictum
745 2091 842 2148 est,
886 2085 978 2152 qui
1005 2093 1279 2153 acceperat
1314 2104 1534 2137 uxorem
1564 2086 1832 2153 Sigridam
1857 2087 2021 2137 filiam

107 2157 356 2220 Kilverti,
402 2164 456 2207 et
499 2156 767 2224 Ecgfridae
805 2157 927 2209 filiae
961 2157 1168 2208 Alduni
1208 2158 1455 2225 episcopi,
1498 2157 1599 2208 sibi
1644 2158 1867 2225 arripuit
1903 2159 2024 2209 illas

106 2235 274 2280 terras
311 2230 426 2296 jani
468 2234 700 2279 vastatas
745 2234 798 2279 et
848 2228 1184 2280 inhabitavit.
1262 2230 1414 2280 Uxor
1456 2247 1579 2280 vero
1619 2229 1763 2279 illius
1814 2229 2024 2296 Sigrida

107 2301 359 2362 moriens,
387 2300 535 2351 dedit
564 2300 867 2350 Heseldene
896 2301 1094 2351 Sancto
1116 2300 1433 2363 Cuthberto,
1454 2306 1507 2351 et
1536 2301 1766 2362 Heaclif,
1795 2307 1849 2352 et
1876 2302 2023 2352 Carl-

107 2379 224 2434 tun,
268 2390 398 2439 quas
443 2371 615 2422 adhuc
657 2371 879 2422 ecclesia
918 2372 1168 2438 possidet.
1244 2372 1402 2422 Arkil
1440 2372 1582 2422 filius
1627 2372 1929 2439 Fridegisti,
1971 2379 2025 2424 et

109 2443 314 2494 Eadulf
332 2460 525 2505 0011188,
546 2442 705 2493 Arkil
729 2443 868 2493 filius
895 2443 1162 2510 Ecgfrith,
1190 2443 1248 2493 hi
1274 2450 1380 2494 tres
1405 2443 1709 2494 habuerunt
1737 2444 2021 2511 Sigridam.

108 2517 302 2566 Postea
317 2514 592 2565 Willelmo
616 2532 741 2581 rege
761 2515 1007 2566 veniente
1033 2515 1090 2565 in
1115 2515 1387 2582 Angliam,
1414 2516 1525 2582 ipse
1545 2515 1787 2566 Arkillus
1813 2516 2024 2582 fugiens

109 2588 233 2639 exul
271 2586 445 2637 faetus
496 2591 592 2637 est.
672 2586 863 2653 Sicque
903 2587 1101 2638 iterum
1141 2594 1285 2638 terra
1327 2587 1442 2654 ipsa
1491 2593 1697 2638 vastata
1746 2588 2020 2639 remansit.

111 2660 216 2710 His
241 2659 319 2708 ita
350 2658 597 2725 peractiS,
635 2658 850 2724 quidam
884 2658 996 2709 tein
1030 2659 1088 2708 in
1121 2658 1582 2721 Eoverwicschire,
1619 2659 1835 2710 nomine
1872 2661 2022 2722 Orm,

111 2731 249 2781 filius
294 2729 641 2792 Gamellonis,
695 2730 898 2797 accepit
941 2749 1162 2781 uxorem
1211 2749 1373 2781 unam
1418 2749 1480 2782 ex
1526 2731 1761 2798 quinque
1812 2731 2023 2782 filiabus

110 2802 334 2854 Aldredi
374 2801 602 2863 comitis,
647 2801 1089 2864 AEtheldritham,
1130 2821 1191 2853 ex
1239 2821 1342 2870 qua
1377 2802 1563 2869 genuit
1601 2803 1767 2853 filiam
1806 2804 2024 2854 nomine

109 2873 436 2941 Ecgfridam,
465 2891 528 2924 ex
555 2891 659 2939 qua
685 2873 820 2923 Eilsi
845 2874 910 2924 de
937 2875 1088 2925 Teise
1115 2875 1302 2941 genuit
1327 2874 1618 2938 Waltheof,
1663 2881 1716 2925 et
1750 2874 1883 2925 duos
1909 2876 2024 2942 ejus

108 2947 318 3008 fratres,
346 2953 399 2996 et
426 2945 598 2995 Edam
625 2963 860 2996 sororem
885 2963 1086 2998 eorum.
1164 2948 1235 2997 Et
1263 2947 1386 3014 quia
1412 2947 1504 2997 illa
1538 2946 1792 3013 Ecgfrida
1819 2953 1932 2997 erat
1958 2948 2023 2998 de

111 3035 303 3085 genere
347 3017 569 3067 Aldredi
605 3017 835 3080 comitis,
882 3025 934 3068 et
978 3018 1102 3070 filiae
1139 3018 1345 3069 Alduni
1385 3018 1633 3085 episcopi,
1685 3018 2023 3069 haereditario

104 3090 224 3157 jure
250 3089 366 3156 ipsa
399 3088 650 3155 Ecgfrida
685 3107 806 3140 cum
841 3090 1034 3141 marito
1076 3108 1171 3142 suo
1206 3091 1342 3142 Eilsi
1377 3090 1599 3157 arripuit
1640 3091 1937 3141 Bermetun
1971 3097 2025 3141 et

110 3160 491 3227 Skirningeim.
