2384 4126
776 434 962 468 sANcTI
1004 434 1333 468 CUTHBER'PI.
1905 420 1929 469 1
1942 422 2007 471 79

96 577 334 611 crescens
359 560 556 610 frustra
582 559 836 610 sollicitos
861 560 1228 612 vehementius
1267 559 1605 625 angustabat,
1632 577 1730 611 nec
1750 561 1864 627 jam
1891 579 2008 627 spes

95 631 309 696 quidem
349 631 571 682 humani
611 631 787 682 solatii
829 632 941 682 ulla
973 631 1258 683 relevabat.
1337 631 1460 693 Sed,
1501 637 1687 682 contra
1727 631 1827 682 hoc
1866 632 2008 698 quod

92 702 194 768 ipsi
242 720 450 770 sperare
499 708 774 765 noverant,
834 703 1009 754 subita
1059 703 1270 754 Divinae
1322 702 1589 769 largitatis
1638 703 2007 754 benedictione

92 773 370 840 respirant.
462 774 739 841 Siquidem
790 775 931 841 apud
982 774 1473 825 Lindisfarnensem
1527 774 1759 825 insulam
1810 792 2007 825 oceano

92 845 385 895 secundum
410 850 621 913 tempus
654 847 952 909 recedente,
990 846 1232 913 ingentia
1267 846 1510 912 quaedam
1535 846 1761 913 piscium
1788 863 2009 913 corpora

91 916 287 982 passim
312 935 406 984 per
432 935 617 968 arenas
642 917 828 968 relicta
863 917 1195 985 palpitabant
1215 939 1229 979 3
1270 935 1631 984 magnumque
1671 918 2007 969 intuentibus

90 993 362 1054 stuporem
383 994 436 1040 et
462 989 716 1055 gaudium
740 1006 964 1040 numero
984 989 1143 1040 simul
1169 995 1222 1040 et
1247 989 1387 1040 mole
1412 989 1753 1056 praestabant.
1833 989 2006 1041 Quin-

92 1077 192 1126 que
219 1060 361 1110 enim
389 1066 442 1111 et
469 1061 745 1128 sexaginta
768 1061 981 1112 fuerant
1000 1082 1015 1123 3
1057 1067 1326 1128 tantaeque
1353 1061 1672 1127 granditatis
1696 1067 1759 1111 ut
1785 1061 2009 1128 singulis

92 1130 460 1182 abstrahendis
484 1149 593 1182 non
612 1132 717 1183 nisi
741 1132 904 1183 boum
930 1132 1078 1200 paria
1098 1134 1415 1183 sufficerent.
1478 1133 1683 1184 Verum
1711 1133 1834 1200 quia
1859 1134 2006 1184 locus

90 1201 203 1268 ipse
224 1203 360 1270 juris
387 1204 604 1254 alterius
631 1204 824 1267 extitit,
848 1222 910 1255 ex
935 1204 1019 1254 his
1038 1222 1137 1255 nec
1162 1204 1501 1271 portiuncula
1521 1205 1735 1272 quidem
1753 1205 2007 1256 fratribus

93 1274 335 1342 contigit.
412 1275 614 1326 Aderat
641 1276 783 1326 enim
808 1276 1021 1327 illorum
1049 1276 1265 1343 quidam
1297 1276 1388 1343 qui
1415 1294 1475 1327 ex
1502 1282 1654 1327 tanta
1679 1277 1862 1327 Divini
1887 1295 2005 1328 mu-

90 1345 232 1396 neris
284 1346 610 1397 abundantia
660 1347 849 1398 saltem
907 1348 1157 1410 decimas,
1223 1348 1365 1415 quod
1418 1348 1552 1414 legis
1608 1354 1661 1399 et
1725 1349 2006 1415 provinciae

92 1417 313 1484 antiqua
347 1419 674 1470 consuetudo
706 1419 966 1486 exigebat,
1007 1419 1242 1471 ecclesiae
1276 1419 1585 1486 requisivit3
1628 1420 1736 1483 sed,
1758 1421 2007 1471 omnibus

90 1490 316 1555 negatis,
361 1490 555 1541 rubore
597 1490 755 1540 simul
800 1497 853 1542 et
898 1491 1077 1542 dolore
1119 1491 1370 1542 confusus
1411 1491 1670 1542 discessit.
1765 1493 1837 1542 Et
1878 1493 2007 1559 quid

91 1562 307 1611 moror?
400 1562 532 1612 Mox
579 1562 805 1629 superba
853 1562 1113 1613 tenacitas
1164 1562 1526 1624 confunditur,
1582 1570 1635 1614 et
1685 1564 2006 1630 postulantis

90 1631 366 1683 humilitas
392 1633 650 1684 mirabilis
671 1634 909 1700 erigitur.
985 1634 1249 1701 Prospicit
1268 1634 1476 1685 eminus
1492 1634 1658 1685 frater
1682 1641 2008 1686 memoratus

90 1704 492 1756 multitudinem
527 1704 753 1771 piscium
778 1705 884 1755 huc
910 1705 1141 1772 illucque
1166 1705 1366 1772 vagari,
1406 1706 1498 1756 sed
1537 1707 1800 1757 fluctuum
1834 1707 2006 1757 adhuc

92 1775 376 1827 altitudine
422 1776 488 1826 ad
527 1776 669 1843 ipsos
711 1794 979 1828 accessum
1029 1776 1315 1844 prohiberi.
1408 1778 1513 1844 Spe
1557 1777 1739 1844 itaque
1784 1778 2008 1829 alacrior

89 1847 279 1910 factus,
335 1853 542 1914 patrem
594 1848 951 1899 Cuthbertum
1002 1847 1254 1899 exorabat
1305 1849 1581 1912 attentius,
1640 1850 1891 1916 quatinus
1943 1869 2007 1901 ex

86 1925 240 1969 tanta
265 1919 415 1986 copia
434 1937 652 1970 suorum
670 1920 996 1971 relevaretur
1020 1920 1331 1987 indigentia.
1397 1921 1614 1972 Interea
1632 1921 1791 1972 undis
1810 1921 2007 1972 sensim

88 1990 465 2053 relabentibus,
488 1991 616 2042 dum
643 1991 762 2058 vagi
787 1992 933 2042 velut
960 1998 1198 2043 errantes
1222 1992 1487 2055 feruntur,
1514 1993 1773 2059 paulatim
1798 2011 2008 2045 recessu

86 2063 248 2112 maris
275 2063 472 2129 pariter
495 2063 553 2113 in
580 2063 719 2114 sicco
744 2063 1139 2131 relinquuntur.
1217 2065 1290 2115 Et
1322 2082 1445 2115 cum
1469 2064 1578 2115 late
1603 2083 1698 2132 per
1723 2065 2006 2116 circuitum

87 2134 203 2184 loca
237 2134 373 2201 juris
416 2140 592 2186 essent
627 2135 868 2199 aliorum,
910 2136 1077 2186 solam
1124 2153 1240 2203 quae
1273 2136 1659 2187 monachorum
1693 2137 1867 2188 fuerat
1902 2137 2008 2188 loci

89 2206 393 2272 angustiam
436 2207 586 2273 larga
628 2207 732 2258 Dei
774 2207 1079 2258 benedictio
1128 2207 1315 2274 replet,
1368 2213 1431 2257 ut
1480 2226 1548 2259 ne
1599 2226 1738 2258 unus
1789 2208 2006 2275 quidem

87 2277 248 2344 piscis
293 2296 409 2329 eam
460 2278 752 2329 excederet.
843 2280 1006 2330 Pares
1047 2296 1239 2345 genere
1281 2285 1335 2330 et
1376 2279 1679 2345 granditate
1722 2280 2004 2346 prioribus,

86 2367 372 2400 numerum
397 2367 522 2400 vero
549 2368 859 2416 superavere
885 2350 1108 2401 duobus.
1185 2350 1479 2401 Pulchrum
1509 2368 1652 2413 sane,
1688 2369 1797 2401 non
1833 2352 2006 2402 solum

87 2421 189 2487 ipsi
228 2421 398 2483 fratri,
439 2420 531 2471 sed
570 2427 623 2472 et
663 2421 1030 2488 indigentibus
1065 2422 1358 2488 quibusque
1397 2440 1480 2473 res
1514 2422 1607 2472 illa
1642 2424 2005 2490 spectaculum

85 2492 329 2559 praebuit,
371 2492 561 2559 quibus
603 2493 743 2559 quod
780 2512 810 2543 a
844 2494 961 2544 Deo
986 2494 1186 2560 largius
1214 2493 1433 2561 accepit,
1473 2493 1694 2560 largiter
1719 2494 1830 2561 ipse
1859 2512 2000 2545 com-

85 2564 418 2614 municavit.‘¹
511 2564 770 2615 Celeriter
818 2564 998 2631 itaque
1048 2565 1293 2616 beneficii
1344 2566 1567 2617 caelestis
1618 2565 2003 2618 abundantiam

84 2635 338 2686 fratribus
378 2635 597 2686 domum
630 2636 969 2699 transmittit,
1008 2654 1300 2703 omnesque
1325 2636 1383 2687 in
1410 2643 1681 2704 stuporem
1709 2644 1762 2689 et
1787 2638 2003 2690 laudem

86 2707 190 2758 Dei
228 2725 311 2758 res
351 2707 618 2774 insperata
663 2708 941 2759 convertit.
1018 2708 1218 2759 Taliter
1254 2708 1446 2759 animis
1480 2710 1702 2760 recreati
1738 2715 1792 2760 et
1819 2727 2003 2777 corpo-

84 2778 249 2841 ribus,
290 2779 446 2829 solito
470 2778 645 2830 laetius
670 2779 807 2830 festa
831 2779 1111 2831 Paschalia
1143 2780 1531 2847 transigebant,
1570 2781 1847 2848 multoque
1882 2788 2002 2849 post

83 2857 321 2917 tempore
352 2850 435 2900 his
461 2850 628 2917 epulis
661 2850 1022 2914 abundabant,
1051 2852 1217 2902 Illum
1242 2870 1346 2902 non
1378 2858 1641 2903 cessantes
1669 2852 2000 2917 benedicere,

90 2923 188 2981 Qui
230 2922 322 2973 dat
360 2939 530 2973 escam
567 2923 621 2973 in
657 2928 882 2989 tempore
912 2929 1198 2990 opportuno
1217 2946 1232 2982 ;
1279 2924 1377 2982 Qui
1404 2925 1575 2989 aperit
1601 2942 1809 2975 manum
1834 2943 2000 2989 suam,

83 3000 132 3045 et
172 2994 350 3058 implet
390 3010 533 3045 omne
578 2995 776 3045 animal
824 2994 1211 3047 benedictione‚b
1299 2995 1417 3046 Nec
1458 2995 1680 3047 dubium
1719 2996 1858 3048 hanc
1898 2997 2003 3048 Dei

83 3065 505 3116 munificentiam
554 3065 722 3132 ipsius
769 3084 915 3118 nunc
963 3067 1171 3118 meritis
1221 3067 1443 3118 servulis
1502 3073 1858 3134 procuratam,
1911 3069 2003 3136 qui

83 3136 245 3187 maris
291 3137 559 3203 quondam
597 3144 911 3205 tempestate
955 3139 1260 3207 praeclusus,
1306 3138 1435 3189 dum
1479 3139 1595 3206 jam
1637 3139 1716 3189 nil
1761 3139 2003 3191 ciborum

50 3207 375 3279 ¹habuisset,
432 3208 676 3276 precibus
720 3227 751 3260 a
794 3210 911 3261 Deo
956 3211 1214 3278 quaesivit.
1304 3211 1423 3262 Nec
1465 3228 1630 3261 mora.
1723 3211 1860 3263 Quae
1902 3211 2003 3262 sibi

85 3278 346 3345 sociisque
387 3280 707 3343 sufficerent,
746 3281 1025 3333 delfininas
1058 3282 1115 3332 in
1149 3283 1331 3333 littore
1359 3300 1541 3332 carnes
1568 3282 1789 3333 invenit.
1867 3283 2001 3334 Haec

86 3367 212 3400 sane
255 3367 349 3416 per
388 3350 585 3413 omnia,
637 3352 775 3403 sicut
815 3354 1163 3416 narravimus,
1217 3360 1271 3405 et
1321 3353 1486 3420 ipsius
1531 3353 1622 3420 qui
1666 3353 1999 3416 interfuerat,

85 3438 241 3487 quem
281 3420 488 3486 praefati
529 3439 731 3485 sumus,
771 3430 895 3474 actu
939 3431 993 3476 et
1031 3426 1222 3477 habitu
1260 3424 1524 3487 monachi,
1562 3431 1615 3475 et
1646 3425 1871 3475 aliorum
1908 3426 1999 3491 qui

82 3492 259 3543 videre
284 3491 540 3543 relatione
567 3511 726 3560 quam
752 3494 1059 3562 frequenter
1086 3497 1400 3548 audivimus.

376 3643 392 3659 ‘¹
424 3637 484 3678 St.
506 3637 631 3679 Matt.
655 3652 692 3679 x.
714 3642 752 3680 8.
1092 3639 1107 3664 ὂ
1138 3640 1279 3680 Psalm
1301 3641 1378 3681 civ.
1403 3642 1480 3689 273
1511 3642 1616 3682 cxlv,
1642 3644 1705 3682 16.

1614 3778 1709 3825 ΝΞ
