2384 4126
354 372 461 421 230
1130 390 1407 424 APPENDIX
1447 390 1512 423 11.

959 548 1387 583 XXXVII.··--VISIO
1424 547 1665 581 BOSONIS.

465 643 533 693 111
574 650 814 711 tempore
850 644 1113 696 Willelmi
1148 645 1365 714 quidam
1407 645 1645 696 militum
1680 644 1792 713 ejus
1829 643 2087 695 vocabulo
2126 644 2284 694 Boso.

363 715 529 782 (Hist.
559 717 833 779 Dunelm.,
863 717 981 781 IV„
1008 717 1100 785 ix.)

354 907 772 948 XXXV111.—-—QUO
816 909 966 942 ANNo
1014 909 1248 943 SANCTUS
1295 910 1653 943 CUTHBERTUS
1700 910 2011 944 ORDINATUs
2057 911 2169 956 Es'r,
2222 910 2290 943 ET

498 981 768 1020 QUANTUM
822 981 1124 1014 AMABATUR
1177 982 1243 1015 ΕΤ
1296 982 1702 1016 VENERABATUR
1753 983 1822 1016 AB
1875 983 2135 1022 AN'QOs
2189 983 2286 1015 RE-

501 1044 702 1086 0111116.δ

463 1150 624 1199 Anno
653 1148 951 1201 Dominicae
975 1148 1361 1202 incarnationis
1390 1151 1652 1214 Dc.lxxxv,
1687 1151 1964 1202 ordinatus
1990 1157 2071 1202 est
2095 1150 2286 1202 beatus

353 1226 507 1287 pater
548 1221 880 1272 Cuthbertus
914 1222 973 1272 in
1001 1221 1117 1289 ipsa
1153 1223 1511 1275 sollemnitate
1539 1224 1799 1287 Paschali,
1835 1224 1891 1273 id
1926 1229 2023 1286 est,
2057 1223 2286 1290 septimo

353 1292 609 1343 kalendas
640 1293 862 1360 Aprilis,
896 1294 963 1345 ad
993 1295 1489 1347 Lindisfarnensem
1516 1296 1814 1358 ecclesiam,
1846 1295 1962 1363 ipso
1988 1314 2113 1362 rege
2148 1313 2283 1362 prae-

354 1371 523 1426 sente,
565 1370 618 1416 et
652 1366 721 1433 vij
768 1366 836 1417 ad
877 1367 993 1434 ejus
1029 1368 1485 1419 consecrationem
1524 1368 1861 1420 venientibus
1906 1367 2181 1435 episcopis,
2224 1368 2283 1417 in

352 1437 544 1503 quibus
572 1437 883 1489 Theodorus
910 1438 1202 1506 primatum
1237 1441 1431 1492 tenuit.
1510 1441 1578 1491 In
1606 1440 1690 1491 die
1718 1440 2070 1491 ordinationis
2099 1440 2285 1490 Sancti

352 1509 641 1560 Cuthberti
675 1517 1142 1562 commutaverunt
1176 1512 1288 1580 ipse
1324 1519 1377 1563 et
1413 1514 1552 1563 Eata
1590 1513 1741 1564 sedes
1778 1512 2101 1580 episcopales
2139 1530 2281 1562 com-

350 1581 503 1631 muni
538 1582 761 1633 consilio
796 1583 1008 1650 ngridi
1040 1584 1199 1651 regis,
1237 1590 1291 1636 et
1325 1585 1598 1636 Theodori.
1627 1584 2025 1652 archiepiscopi,
2062 1590 2115 1635 et
2151 1584 2281 1634 alio-

349 1671 489 1716 rum,
543 1654 746 1705 scilicet
785 1655 976 1707 Ceadae
1021 1664 1074 1708 et
1117 1657 1330 1721 Ceddae,
1377 1664 1430 1708 et
1477 1658 1700 1708 aliorum
1744 1675 1774 1707 v
1816 1657 2184 1724 episcoporum
2230 1663 2285 1707 et

351 1725 595 1776 omnium
621 1727 888 1794 majorum
910 1749 920 1779 :
958 1727 1138 1795 sicque
1165 1730 1303 1780 Eata
1330 1729 1469 1796 apud
1493 1728 1907 1780 Hesteldesham
1931 1729 2085 1791 sedit,
2112 1729 2282 1779 Sanc-

349 1804 437 1847 tus
457 1816 581 1849 vero
602 1798 935 1850 Cuthbertus
953 1801 1448 1852 Lindisfarnensem
1471 1801 1781 1852 cathedram
1798 1801 2051 1852 obtinuit.
2102 1801 2283 1868 Hujus

351 1870 730 1922 Lindisfarniae
755 1871 1019 1923 terminus
1048 1880 1128 1923 est
1150 1892 1179 1924 a
1198 1873 1360 1924 fluvio
1380 1874 1565 1924 Tuoda
1584 1892 1751 1940 usque
1774 1874 1839 1923 ad
1860 1872 2283 1935 VVarnedmuda,

351 1948 405 1993 et
430 1942 556 1994 inde
584 1943 827 2009 superius
853 1962 1022 2011 usque
1050 1946 1116 1995 ad
1142 1947 1321 1996 locum
1356 1945 1450 1996 ubi
1486 1964 1623 2012 aqua
1649 1946 1720 1996 W
1726 1945 1890 1996 arned
1925 1945 2097 1995 oritur
2124 1945 2284 2012 juxta

350 2021 592 2066 montem
621 2015 955 2078 Hiberdune,
997 2023 1051 2068 et
1076 2017 1201 2068 inde
1226 2036 1395 2085 usque
1424 2019 1489 2068 ad
1515 2018 1735 2068 fluvium
1762 2017 2045 2079 Bromwic,
2075 2023 2128 2067 et
2154 2016 2282 2068 inde

349 2104 518 2154 usque
558 2087 625 2138 ad
661 2088 886 2138 fiuvium
923 2089 1039 2157 Tyl.
1116 2091 1189 2140 Et
1215 2090 1364 2140 illam
1390 2096 1590 2141 terram
1622 2090 1765 2140 ultra
1790 2089 2034 2156 Tuydam
2061 2107 2091 2138 a
2116 2088 2281 2139 fluvio

349 2159 510 2222 Edre,
540 2159 605 2210 ab
634 2160 883 2226 aquilone
909 2179 1077 2228 usque
1105 2162 1171 2212 ad
1196 2162 1373 2213 locum
1403 2180 1507 2229 quo
1536 2161 1678 2212 cadit
1704 2161 1762 2211 in
1781 2161 1965 2212 Tuoda
1981 2181 1996 2222 3
2034 2167 2087 2211 et
2106 2166 2278 2211 totam

348 2239 548 2281 terram
594 2250 712 2298 quae
747 2233 892 2299 jacet
931 2233 1074 2284 inter
1113 2234 1279 2285 istum
1320 2235 1542 2285 fiuvium
1582 2234 1778 2296 Eddre,
1822 2240 1875 2284 et
1918 2233 2147 2283 alterum
2189 2232 2280 2299 qui

346 2309 570 2354 vocatur
596 2304 800 2368 Leder,
843 2311 896 2356 ct
930 2312 1102 2356 totam
1137 2312 1336 2357 terram
1372 2325 1488 2374 quae
1526 2306 1759 2373 pertinet
1795 2305 1861 2355 ad
1895 2304 2280 2355 monasterium

349 2376 536 2426 Sancti
571 2376 792 2442 Balteri,
832 2378 974 2445 quod
1010 2384 1090 2429 est
1123 2378 1181 2429 in
1215 2379 1586 2446 Tiniggcham,
1624 2397 1653 2429 a
1681 2377 2087 2429 Lambre-more
2113 2394 2280 2443 usquc

349 2448 416 2498 ad
465 2448 781 2500 Escemude.
876 2451 949 2500 Et
984 2450 1259 2517 *dederunt
1309 2469 1402 2502 rex
1451 2450 1707 2517 ngridus
1753 2457 1806 2501 et
1851 2449 2279 2516 archiepiscopus

347 2510 658 2571 Theodorus
696 2528 896 2572 terram
934 2522 992 2572 in
1026 2523 1270 2574 Eboraco
1300 2524 1498 2574 Sancto
1527 2523 1826 2574 Cuthberto
1855 2541 1884 2572 a
1909 2539 2064 2571 muro
2093 2521 2279 2571 Sancti

346 2592 513 2655 Petri,
563 2611 735 2660 usque
777 2594 844 2644 ad
887 2613 1140 2661 magnam
1183 2602 1396 2663 portam
1440 2595 1845 2657 occidentalem,
1898 2599 1951 2644 et
1995 2611 2164 2660 usque
2210 2593 2276 2643 ad

345 2683 562 2715 murum
598 2666 826 2717 civitatis
866 2685 1050 2718 versus
1085 2674 1344 2718 austrum.
1434 2669 1507 2718 Et
1547 2667 1810 2718 dederunt
1852 2665 1901 2717 ei
1940 2665 2122 2715 villam
2157 2683 2276 2732 quae

347 2737 544 2787 dieitur
571 2737 741 2801 Creic,
770 2745 824 2789 et
849 2739 954 2789 tria
980 2740 1209 2791 miliaria
1232 2740 1291 2791 in
1317 2740 1562 2803 circuitu,
1584 2745 1645 2790 ut
1670 2739 1747 2790 ibi
1772 2743 1951 2805 posset
1977 2755 2193 2788 manere
2218 2737 2277 2786 111

346 2809 521 2860 01111ᾱο
557 2816 611 2860 et
637 2810 909 2862 redeundo
944 2812 1009 2863 de
1035 2812 1295 2864 Eboraeo.
1373 2812 1460 2863 Ibi
1502 2813 1732 2863 Sanetus
1776 2810 2108 2862 Cuthbertus
2150 2827 2275 2860 con-

347 2881 717 2947 gregationem
741 2883 1129 2935 monachorum
1157 2890 1211 2936 et
1238 2884 1487 2936 abbatem
1511 2883 1730 2934 nomine
1759 2883 1921 2944 Geve,
1961 2887 2023 2931 ut
2059 2880 2277 2947 quidam

345 2953 549 3016 dicunt,
584 2954 791 3006 statuit.
871 2956 1018 3007 Huic
1045 2957 1357 3025 adjecerunt
1384 2956 1655 3007 civitatem
1682 2954 1834 3017 Luel,
1868 2953 1922 3003 101
1962 2960 2042 3003 est
2082 2953 2275 3016 Carlcl,

347 3032 401 3075 et
431 3024 490 3074 in
525 3025 754 3077 circuitu
791 3045 858 3077 xv
893 3028 1141 3091 miliaria,
1182 3035 1235 3079 et
1260 3028 1337 3079 ibi
1365 3029 1598 3078 Sanctus
1625 3027 1957 3078 Cuthbertus
1986 3042 2277 3091 congrega-

345 3097 551 3148 tionem
590 3098 1080 3151 sanctimonialium
1118 3106 1171 3151 et
1208 3100 1532 3151 abbatissam
1567 3098 1852 3161 ordinavit,
1897 3103 1950 3148 et
1987 3097 2155 3147 scolas
2195 3097 2278 3147 ibi

428 3256 440 3275 ⁸
469 3248 572 3290 This
593 3249 752 3290 section
771 3250 847 3290 has
861 3250 968 3291 been
988 3251 1160 3302 printed
1179 3252 1236 3303 by
1255 3253 1340 3293 Mr.
1356 3252 1602 3305 Longstaffe
1622 3253 1669 3293 in
1687 3253 1762 3294 the
1782 3251 2077 3303 Archaeologia
2097 3250 2279 3300 AEIiana,

345 3303 426 3346 vol.
446 3304 490 3349 11,
515 3306 614 3354 (8νο
634 3305 796 3355 series),
825 3318 866 3356 p.
888 3308 927 3356 6,
952 3306 1061 3347 froin
1088 3307 1162 3347 the
1187 3307 1367 3348 Lawson
1401 3308 1494 3350 MS.
1553 3309 1615 3349 As
1646 3322 1670 3349 a
1693 3309 1840 3349 record
1860 3309 1906 3348 of
1928 3308 2003 3348 the
2023 3306 2277 3358 possessions

346 3359 392 3399 of
417 3359 491 3400 the
522 3360 685 3401 church
717 3360 763 3400 of
788 3360 848 3401 St.
869 3360 1095 3411 Cuthbert,
1125 3362 1160 3402 it
1191 3362 1226 3402 is
1257 3364 1427 3403 neither
1451 3365 1658 3416 complete
1685 3377 1764 3404 nor
1789 3363 2025 3415 altogether
2057 3363 2277 3409 aceurate3

345 3427 425 3454 nor
455 3416 552 3455 does
582 3415 618 3455 it
649 3415 819 3456 furnish
849 3428 900 3456 us
930 3416 1034 3456 with
1063 3430 1146 3469 any
1167 3418 1338 3459 reliable
1367 3419 1644 3460 information
1674 3419 1815 3459 Which
1834 3431 1896 3458 we
1923 3419 1977 3458 do
2004 3420 2080 3456 not
2107 3416 2278 3467 already

344 3483 503 3520 possess
534 3471 644 3511 from
674 3470 895 3512 authentia
928 3484 1107 3512 sources.
1177 3472 1222 3512 It
1252 3474 1340 3523 has,
1371 3474 1578 3525 however,
1607 3476 1715 3515 been
1748 3474 1938 3525 thought
1971 3471 2198 3523 expedient
2231 3475 2277 3510 to

344 3525 464 3576 print
497 3525 532 3565 it
563 3527 609 3565 in
642 3529 821 3576 emen-90,
852 3526 916 3566 for
946 3526 1020 3567 the
1054 3528 1151 3567 sake
1185 3528 1231 3567 of
1265 3530 1530 3580 comparison
1565 3529 1669 3570 with
1699 3529 1773 3569 the
1808 3528 2003 3568 Historia
2036 3528 2087 3567 de
2123 3526 2278 3566 Sancto

346 3580 599 3631 Cuthberto‚
628 3581 703 3621 the
724 3580 918 3621 Historia
938 3582 988 3622 de
1009 3581 1148 3622 Gestis
1168 3583 1352 3634 Regum,
1382 3585 1466 3625 and
1493 3585 1711 3635 Symeon's
1732 3583 1914 3635 History
1935 3583 1981 3623 of
2005 3582 2079 3622 the
2102 3580 2279 3622 Church

345 3636 392 3674 of
416 3635 626 3676 Durham.
685 3636 776 3676 'Phe
795 3638 887 3677 text
906 3636 941 3676 is
961 3637 1090 3677 taken
1110 3637 1218 3679 from
1239 3638 1332 3679 MS.
1356 3639 1471 3689 Gale,
1505 3640 1555 3681 O.
1586 3640 1661 3690 iii„
1687 3642 1764 3690 553
1794 3639 1868 3680 the
1888 3638 2063 3690 chapter
2083 3637 2182 3677 does
2203 3639 2278 3675 not

346 3702 474 3731 occur
493 3689 631 3732 either
650 3690 697 3731 in
717 3690 811 3733 MS.
833 3691 957 3732 Laud
977 3705 1024 3733 or
1044 3691 1216 3744 Cotton,
1246 3693 1377 3744 Nero,
1407 3694 1460 3735 A.
1482 3694 1525 3736 ii.
