2384 4126
335 389 437 437 114
951 403 1224 437 sYMEoNis
1267 403 1658 437 nUNmLMENsls

333 531 508 581 noctis
534 531 691 582 initio
720 532 861 599 apud
889 531 1219 583 Barbafflot.‘³
1294 531 1461 583 Mane
1489 530 1650 594 facto,
1692 530 1975 581 thesaurus
2003 532 2142 598 regis
2172 533 2264 600 qui

333 603 390 654 in
429 604 552 655 navi
589 604 765 656 fuerat
804 604 1076 655 invenitur
1114 622 1208 672 per
1252 622 1459 667 arenas,
1503 621 1724 670 corpora
1761 621 1885 654 vero
1923 604 2265 671 pereuntium

334 676 501 727 nulla.
581 677 864 728 Perierunt
903 695 1026 727 cum
1064 677 1175 727 filio
1215 677 1356 743 regis
1393 677 1559 727 frater
1598 695 1725 726 suus
1765 676 2027 726 Ricardus
2063 678 2263 728 nothus

336 766 531 811 comes,
569 767 691 800 cum
728 750 838 800 filia
870 749 1011 816 regis
1053 767 1170 816 quae
1207 749 1382 799 fuerat
1422 766 1557 799 uxor
1598 748 1871 811 Rotronis,
1912 755 1965 799 et
2003 749 2263 801 Ricardus

335 838 513 872 comes
543 822 841 873 Castrensis
871 840 994 872 cum
1022 840 1186 872 uxore
1222 833 1319 872 sua
1355 828 1517 888 nepte
1551 821 1708 888 regiS,
1753 839 1931 872 sorore
1970 822 2265 873 Theobaldi

338 894 567 957 comitis,
594 895 804 961 nepotis
832 894 990 961 regis.
1069 894 1236 944 Periit
1263 900 1317 944 et
1349 893 1548 944 Othoel
1585 893 1844 961 magister
1884 894 1981 944 filii
2014 895 2173 961 regis,
2212 901 2265 946 et

337 965 614 1017 Goffridus
659 967 835 1029 Ridel,
882 973 935 1017 et
978 966 1284 1017 Rodbertus
1331 965 1584 1028 Malduit,
1632 973 1684 1017 et
1731 966 2038 1017 VVillelmus
2081 968 2263 1034 Bigot,

334 1038 600 1105 multique
628 1039 720 1089 alii
748 1039 1066 1106 principales
1093 1038 1208 1089 viri.
1286 1038 1514 1089 Nobiles
1556 1056 1768 1105 quoque
1813 1038 2028 1090 feminae
2074 1058 2261 1106 quam-

335 1110 515 1177 plures
558 1129 681 1161 cum
722 1111 883 1178 regiis
926 1110 1106 1177 pueris
1146 1128 1258 1160 non
1296 1110 1497 1177 paucis,
1542 1110 1793 1161 militaris
1830 1112 2043 1163 numeri
2084 1113 2168 1163 cxl
2213 1120 2266 1164 et

334 1189 623 1234 nautarum
669 1184 688 1233 1
732 1202 856 1234 cum
902 1182 1075 1233 tribus
1116 1182 1564 1248 gubernatoribus
1604 1183 1771 1234 navis,
1850 1184 2008 1235 Solus
2048 1185 2266 1251 quidam

336 1255 673 1306 macellarius
699 1255 885 1306 tabula
911 1254 1180 1321 naufragii
1206 1254 1444 1321 pendens
1471 1254 1653 1305 evasit.
1734 1255 1849 1306 Rex
1866 1274 1990 1307 vero
2015 1275 2268 1324 prospero

336 1345 495 1377 cursu
521 1327 778 1394 Angliam
806 1327 1097 1393 attingens,
1127 1326 1291 1377 alium
1315 1334 1530 1394 portum
1561 1327 1790 1378 intrasse
1816 1328 2041 1395 putabat
2077 1330 2266 1394 filium,

337 1400 430 1450 sed
473 1400 557 1450 die
592 1400 755 1451 tertio
791 1400 855 1451 de
897 1400 1042 1450 illius
1074 1399 1301 1450 interitu
1335 1399 1479 1449 tristi
1519 1399 1864 1466 perturbatur
1903 1401 2117 1452 nuncio.
2197 1404 2267 1453 Et

335 1472 553 1538 quidem
594 1472 767 1540 primo
807 1472 987 1523 subito
1030 1490 1155 1523 casu
1197 1472 1365 1522 veluti
1404 1472 1762 1538 pusillanimis
1806 1472 2086 1524 deficiebat
2102 1495 2117 1536 ,-
2175 1475 2268 1526 scd

335 1562 476 1607 mox,
507 1545 845 1596 dissimulato
873 1545 1073 1608 dolore,
1110 1544 1285 1611 regios
1313 1544 1520 1595 animos
1548 1563 1611 1595 ex
1638 1550 1955 1612 contemptu
1980 1548 2268 1614 resumpsit

333 1617 582 1669 fortunae.
660 1618 827 1668 Illum
855 1618 1050 1685 quippe
1078 1617 1252 1668 solum
1289 1634 1352 1668 ex
1386 1617 1632 1684 legitimo
1669 1618 1919 1685 conjugio
1959 1626 2268 1687 susceptum

332 1691 486 1758 regni
512 1696 633 1758 post
661 1709 715 1741 se
743 1690 1012 1742 haeredem
1041 1690 1412 1741 constituerat.

1205 1874 1394 1908 MCXXI.

439 1968 601 2016 Anno
655 1966 858 2033 incxxj,
902 1964 1130 2015 concilio
1180 1965 1348 2015 totius
1388 1965 1603 2032 Angliae
1655 1972 1778 2016 ante
1830 1967 2265 2021 Purificationem

334 2039 547 2089 Sanctae
599 2038 791 2089 Mariae
844 2037 984 2105 apud
1034 2038 1469 2088 VVinderesoram
1522 2038 1775 2101 adunatO,
1843 2040 2113 2092 Henricus
2172 2060 2265 2094 rex

331 2111 496 2161 filiam
549 2110 830 2161 Godefridi
881 2110 1031 2161 ducis
1083 2110 1357 2173 Luvaniae,
1409 2111 1713 2174 Adelinam,
1765 2111 2111 2164 matrimonio
2163 2115 2265 2166 sibi

325 2182 559 2251 junxitf
627 2183 890 2234 Ricardus
930 2182 1237 2249 capellanus
1272 2182 1414 2250 regis
1453 2183 1519 2233 ad
1556 2183 1987 2247 HerefordensiS,
2028 2192 2080 2236 ct
2116 2187 2261 2238 Rod-

330 2256 514 2307 bertus
541 2256 814 2318 Peccator,
845 2255 980 2306 alius
1009 2255 1334 2322 capellanus,
1365 2255 1431 2306 ad
1458 2256 1836 2307 Coventrensis
1862 2257 2098 2309 ecclesiae
2129 2278 2260 2326 prac-

329 2329 566 2379 sulatum
618 2328 852 2395 eligitur.
959 2328 1260 2378 Herbertus
1323 2328 1745 2395 elemosynarius
1796 2329 2263 2383 lVestmonasterii

331 2401 518 2452 Sancti
569 2401 718 2452 Petri
770 2401 851 2468 [in
897 2399 1170 2467 abbatem]
1223 2400 1464 2467 ejusdem
1508 2401 1612 2451 loci
1664 2401 1897 2468 eligitur.
1977 2403 2261 2468 Edmerus,

329 2473 734 2525 Cantuariensis
774 2473 1012 2524 ecclesiae
1052 2474 1366 2535 monachiiS,
1410 2474 1735 2540 praecedenti
1777 2492 1917 2524 anno
1956 2476 2157 2526 electus
2196 2477 2263 2528 ad

328 2547 695 2614 episcopatum
720 2545 957 2597 ccclesiae
986 2546 1173 2596 Sancti
1198 2545 1431 2597 Andreae
1460 2546 1636 2613 gentis
1666 2547 1992 2610 Scottorum,
2021 2548 2264 2615 deposita

325 2619 628 2670 intentione
677 2618 900 2686 regendi
949 2618 1335 2686 episcopatum,
1387 2619 1674 2670 revertitur
1715 2619 1781 2670 ad
1830 2619 2012 2670 locum
2064 2632 2264 2672 suum.9

330 2692 654 2742 Guillelmus
700 2692 765 2742 de
808 2691 1115 2758 Campellis,
1169 2690 1548 2742 Catalawensis
1600 2691 1896 2759 episcopus,
1938 2693 2026 2761 viij
2076 2694 2262 2745 diebus

329 2771 453 2814 ante
498 2764 703 2814 exitum
747 2771 995 2831 suscepto
1036 2763 1227 2814 habitu
1277 2764 1592 2814 monachico
1633 2764 1744 2814 vita
1794 2764 2002 2815 decedit
2043 2785 2109 2816 xv
2150 2767 2257 2818 kal.

330 2836 624 2887 Februarii.
703 2836 909 2887 Eodem
938 2853 1078 2886 anno
1109 2835 1378 2886 Henricus
1411 2854 1504 2886 rex
1538 2836 1683 2886 facto
1721 2836 1884 2903 longa
1909 2843 2066 2889 terrae
2092 2839 2259 2890 inter-

330 2908 530 2959 cisione
564 2908 765 2959 fossato
798 2926 829 2959 a
853 2907 1139 2959 Torkeseie
1175 2926 1342 2974 usque
1378 2907 1719 2958 Lincolniam
1753 2926 1849 2975 per
1875 2909 2260 2962 derivationem

329 2982 542 3031 Trentae
582 2980 821 3030 fluminis
871 2979 999 3031 fecit
1049 2980 1154 3031 iter
1203 2980 1439 3030 navium.
1519 2980 1826 3030 Rannulfus
1879 2981 2260 3035 Dunelmensis

328 3053 605 3120 episcopus
643 3070 859 3102 murum
898 3052 1100 3118 incepit
1140 3070 1171 3102 a
1207 3051 1411 3103 boreali
1451 3058 1604 3118 parte
1645 3052 1867 3103 cancelli
1908 3054 2162 3118 ecclesiae,
2206 3063 2260 3107 et

326 3125 578 3192 perduxit
630 3125 695 3175 ad
748 3141 925 3175 arcem
976 3142 1145 3191 usque
1196 3124 1418 3175 castelli.
1496 3125 1647 3175 Tunc
1693 3131 1746 3175 et
1792 3126 2072 3177 castellum
2119 3129 2258 3195 apud

326 3198 597 3249 Northam
624 3196 846 3264 incepit,
874 3215 1031 3264 super
1056 3196 1228 3263 ripam
1250 3196 1476 3260 Twedae,
1503 3196 1560 3246 in
1587 3197 1705 3247 loco
1733 3197 1823 3264 qui
1845 3197 2260 3253 Ethamesforda

326 3268 568 3322 dieiturst

405 3455 421 3472 ⁶
448 3447 548 3489 Filii
568 3447 680 3500 regis
700 3446 760 3488 Η.
780 3447 827 3487 in
845 3446 953 3486 mari
970 3445 1204 3499 perierunt.
1261 3448 1317 3486 In
1335 3447 1534 3499 margine.

398 3502 423 3534 s
448 3504 646 3554 Eadmer‚
675 3516 715 3555 p.
739 3506 831 3544 136.

400 3568 423 3592 g
453 3559 529 3600 See
549 3559 747 3609 Eadmer,
767 3571 835 3610 pp.
858 3558 1002 3607 130-5,
1034 3557 1099 3596 for
1118 3569 1142 3596 a
1162 3555 1240 3596 full
1267 3558 1449 3597 account
1477 3557 1523 3597 of
1546 3557 1621 3598 the
1641 3557 1968 3599 circumstances
1989 3559 2035 3600 of
2059 3559 2126 3600 his
2146 3560 2254 3601 elec-

316 3616 408 3655 tion
429 3617 475 3655 to
494 3615 568 3655 the
588 3626 654 3655 see
675 3614 721 3654 of
746 3613 806 3654 St.
827 3613 1062 3662 Andrew’s,
1092 3612 1176 3652 and
1190 3612 1258 3652 his
1278 3613 1536 3664 subsequent
1557 3613 1832 3665 resignation.

400 3670 416 3694 '¹
447 3671 489 3710 A
520 3670 645 3710 fuller
675 3672 857 3710 account
888 3668 934 3708 of
962 3668 1049 3708 this
1081 3668 1266 3719 bishop's
1297 3668 1434 3708 works
1464 3668 1500 3708 is
1532 3668 1659 3720 given
1689 3669 1736 3708 in
1767 3669 1841 3710 the
1868 3668 2180 3711 Continuation
2209 3672 2256 3710 to

316 3726 537 3777 Symeon’s
558 3725 745 3778 History
765 3725 811 3764 of
837 3724 910 3764 the
931 3723 1105 3764 Church
1126 3723 1172 3763 of
1196 3723 1407 3773 Durham,
1438 3723 1558 3774 chap.
1581 3723 1623 3774 i.,
1643 3737 1684 3775 p.
1705 3724 1811 3774 2583
1841 3724 1906 3765 ed.
1928 3725 2127 3766 Bedford.
