2384 4126
330 345 434 394 184
915 360 1178 395 HlsromA
1218 360 1675 395 TRANSLATIONUM

329 492 460 550 erat,
503 493 721 555 propter
763 488 904 555 quod
940 488 1007 539 ad
1044 488 1356 539 violentiam
1393 489 1477 539 vel
1517 488 1724 538 furtum
1765 487 1921 539 facile
1961 487 2254 555 quemlibet

326 559 529 611 illicere
555 565 782 627 poterat.
858 561 1005 611 Nam
1029 560 1086 611 id
1110 561 1349 612 Iccorum
1377 560 1745 611 habitantibus
1772 561 1937 611 moris
1963 579 2075 611 esse
2102 560 2253 622 solet,

329 631 651 683 alterutrum
679 650 792 684 sese
819 632 977 683 furtis
1005 639 1059 684 et
1084 633 1383 684 latrociniis
1411 633 1660 700 affligere,
1689 639 1750 683 ut
1777 633 2048 700 quippiam
2074 650 2255 684 rerum

330 703 689 770 adipiscendo,
733 722 844 755 non
885 711 998 755 tam
1041 705 1141 756 sibi
1177 723 1337 772 quam
1372 705 1676 771 raptoribus
1704 705 1987 772 quisquam
2012 705 2258 756 videatur

330 776 646 828 elaborasse.
716 777 822 828 Sed
847 776 961 828 haec
986 777 1113 828 licet
1138 777 1367 828 invicem
1396 777 1497 828 sibi
1525 777 1678 844 quasi
1701 778 1928 828 licenter
1953 777 2171 840 faciant,
2199 777 2258 826 in

329 848 554 916 praefata
573 855 757 901 tamen
777 849 954 900 insula
975 867 1079 916 qua
1099 849 1288 900 beatus
1316 849 1603 900 Confessor
1630 856 1971 900 conversatus
1998 858 2051 900 et
2077 856 2256 900 tumu-

328 920 471 971 latus
517 920 711 984 fuerat,
764 921 870 972 ista
912 921 1059 972 velut
1109 921 1377 988 repentini
1421 921 1672 972 interitus
1719 939 1905 972 causas
1946 921 2255 972 formidant.

330 993 511 1059 Igitur
551 993 645 1044 illo
681 993 991 1060 jumentum
1038 1011 1195 1043 suum
1232 993 1394 1044 homo
1435 993 1688 1056 traducit,
1724 993 1817 1044 ubi
1857 1000 2073 1061 propter
2112 994 2257 1061 pacis

329 1065 660 1127 firmitatem,
706 1083 866 1131 quam
906 1065 1105 1115 ibidem
1148 1071 1201 1116 et
1242 1065 1458 1116 barbari
1498 1065 1800 1128 observant,
1846 1066 2105 1116 damnum
2149 1084 2261 1116 non

330 1137 542 1187 metuit.
644 1138 721 1187 At
763 1137 999 1203 quidam,
1041 1136 1305 1188 diabolico
1351 1137 1545 1204 spiritu
1589 1137 1910 1204 exagitatus,
1954 1137 2261 1189 temeritate

331 1209 593 1276 sacrilega
618 1208 826 1259 furtum
858 1209 1169 1272 meditatur,
1209 1209 1369 1276 idque
1404 1209 1716 1276 perficiendi
1752 1215 1964 1277 tempus
2008 1216 2259 1277 opportu-

329 1299 462 1331 num
489 1281 845 1348 praestolatur.
923 1280 1181 1344 Tandem,
1220 1300 1380 1349 quam
1415 1286 1597 1333 mente
1627 1282 1767 1333 male
1800 1282 2062 1349 concepit,
2103 1300 2261 1349 opere

331 1353 485 1421 pejus
552 1352 894 1421 iniquitatem
952 1353 1176 1421 peperit.
1261 1353 1528 1421 Denique,
1586 1354 1730 1405 beati
1781 1354 2069 1405 Cuthberti
2118 1361 2263 1421 post-

332 1443 537 1493 ponens
579 1426 952 1488 reverentiam,
989 1443 1175 1493 pacem
1214 1425 1359 1477 illius
1398 1426 1579 1489 violat,
1624 1432 1882 1494 raptoque
1924 1444 2060 1494 equo
2103 1445 2263 1493 quam

332 1497 591 1549 citissime
632 1498 776 1549 abire
813 1498 1049 1549 festinat.
1126 1499 1260 1549 Erat
1292 1498 1437 1549 enim
1462 1505 1673 1566 tempus
1702 1517 1807 1566 quo
1833 1517 2072 1550 recessus
2099 1499 2263 1550 maris

329 1569 564 1621 insulam
599 1571 863 1622 renudato
898 1571 1081 1621 littore
1124 1570 1437 1638 contiguam
1476 1577 1633 1623 terrae
1672 1571 1991 1623 reddiderat.
2069 1572 2263 1638 Itaque

330 1643 460 1693 dum
503 1643 691 1694 sedens
729 1661 866 1710 equo
892 1643 1062 1694 veloci
1086 1642 1216 1710 fuga
1246 1661 1340 1710 per
1375 1661 1559 1694 arenas
1599 1643 1848 1707 ferretur,
1890 1643 2042 1695 ecce!
2086 1644 2264 1695 subito

330 1715 494 1765 maris
538 1733 765 1766 occursu
815 1715 1158 1783 praepeditur,
1200 1716 1466 1783 undisque
1506 1716 1564 1766 in
1605 1716 1775 1766 altum
1826 1717 2261 1779 tumescentibus,

330 1787 575 1854 fugiendi
596 1787 773 1838 aditus
794 1787 1109 1838 obstruitur.
1176 1788 1279 1838 Ille
1300 1788 1596 1839 novitatem
1615 1788 1693 1839 rei
1712 1788 1881 1839 nimio
1903 1807 2026 1839 cum
2047 1794 2264 1856 stupore

331 1866 506 1926 pavet,
540 1878 873 1927 querensque
909 1877 1110 1922 secum,
1148 1864 1182 1887 “
1202 1860 1350 1911 Quid
1380 1860 1525 1923 hic,”
1557 1860 1648 1923 ait,
1678 1861 1978 1911 “miraculi
2005 1862 2263 1928 apparet?

334 1936 368 1958 “
390 1932 555 1983 Nunc
583 1950 613 1982 a
634 1932 829 1983 saeculo
856 1933 1127 1999 praefixam
1153 1950 1299 1983 mare
1325 1933 1720 1999 transgreditur
1738 1933 1932 2000 legem,
1955 1934 2037 1983 sui
2057 1940 2263 2000 tempo-

333 2008 368 2031 “
390 2004 464 2054 ris
491 2005 746 2071 praevenit
773 2004 1035 2055 ordinem.
1100 2005 1230 2055 Non
1258 2004 1401 2055 enim
1428 2005 1604 2056 ordini
1625 2010 1829 2056 statuto
1848 2023 1993 2056 nunc
2020 2005 2263 2072 obtemp-

333 2080 369 2104 “
392 2083 523 2139 erat,
561 2077 775 2144 quando
803 2077 887 2127 sui
911 2095 1125 2128 recessu
1157 2077 1389 2128 liberum
1424 2077 1644 2144 pedibus
1677 2077 1782 2128 iter
1813 2078 1928 2145 jam
1962 2078 2264 2145 relinquere

334 2152 370 2176 “
391 2148 705 2200 debuerat.''
784 2149 895 2201 Qui
929 2155 1111 2200 tamen
1144 2167 1358 2217 quoquo
1392 2150 1551 2201 modo
1585 2156 1763 2217 posset
1790 2150 2113 2217 pertransire
2145 2168 2267 2200 cum

331 2221 478 2272 furto
504 2221 717 2284 nititur,
758 2221 851 2272 sed
890 2221 1057 2272 obviis
1094 2222 1362 2272 undarum
1393 2222 1758 2273 voluminibus
1790 2241 1858 2273 ne
1893 2222 2144 2290 procedat
2181 2240 2263 2273 re-

333 2293 600 2344 tunditur.
668 2295 886 2345 Interea
907 2312 1031 2344 cum
1050 2294 1177 2345 hinc
1198 2300 1251 2345 et
1271 2294 1396 2345 inde
1424 2295 1585 2345 maris
1614 2295 1843 2345 altitudo
1871 2295 2264 2358 circumlueret,

330 2383 431 2417 nec
451 2366 828 2433 progrediendi
847 2366 1161 2417 facultatem
1189 2367 1421 2418 habebat
1447 2385 1546 2418 nec
1571 2367 1926 2435 regrediendi,
1943 2368 2057 2435 jam
2078 2385 2264 2434 eqUUS,

333 2438 551 2489 sedente
572 2439 801 2506 desuper
819 2439 954 2502 fure,
982 2439 1232 2490 fluctibus
1258 2439 1487 2503 innatat,
1516 2440 1751 2507 dumque
1778 2440 1934 2490 undis
1962 2440 2264 2507 impellent-

331 2511 453 2561 ibus
479 2510 650 2562 fertur
675 2517 728 2562 et
754 2511 1002 2575 refertur,
1040 2512 1284 2563 conscius
1320 2512 1571 2563 facinoris
1608 2512 1694 2563 fur
1727 2513 1841 2579 ipse
1877 2513 2106 2563 salutem
2145 2512 2263 2563 des-

332 2589 502 2651 perat.
594 2583 836 2635 Caelestis
882 2602 1008 2651 ergo
1054 2584 1430 2635 misericordiae
1474 2602 1630 2652 opem
1674 2585 1996 2636 clamoribus
2035 2585 2265 2646 invocat,

335 2660 371 2683 “
397 2656 649 2718 Sancte,''
677 2655 944 2723 inquiens,
974 2657 1336 2719 “Cuthberte,
1364 2657 1633 2720 miserere,
1660 2657 1788 2708 licet
1808 2656 2034 2724 indigni.
2098 2656 2263 2707 Mise-

336 2732 371 2755 “
392 2745 526 2790 rere,
553 2727 794 2795 inquam,
822 2729 944 2780 mei.
1018 2729 1245 2796 Respice
1272 2729 1575 2780 miserando
1596 2729 1869 2793 miserum,
1893 2731 2006 2798 jam
2028 2729 2264 2797 jamque,

335 2803 370 2827 “
391 2799 496 2850 nisi
541 2817 849 2852 succurrere
892 2807 956 2851 tu
995 2801 1245 2867 digneris,
1284 2801 1585 2868 periturum
1602 2823 1616 2864 3
1663 2802 1980 2868 periturum,
2026 2801 2264 2868 inquam,

337 2876 372 2899 “
392 2877 639 2938 utraque,
662 2872 897 2939 corporis
919 2873 1164 2924 videlicet
1186 2879 1239 2924 et
1260 2873 1468 2935 animae,
1489 2874 1804 2941 perditione.
1870 2875 2010 2925 Ecce
2031 2873 2040 2923 Ι
2075 2874 2264 2924 huma-

337 2947 372 2971 “
393 2943 516 2993 nius
548 2962 633 2994 me
658 2944 930 2994 victurum
955 2945 1052 2995 tibi
1081 2945 1356 3012 promitto,
1397 2945 1459 3008 si,
1492 2952 1547 2996 te
1577 2963 1722 2995 nunc
1748 2946 1996 3012 propitio,
2036 2951 2266 2995 mortem

338 3019 373 3043 “
395 3016 666 3066 evasero.’'
721 3017 893 3067 Nulla
911 3017 969 3066 in
988 3017 1228 3068 medium
1247 3035 1411 3067 mora.
1469 3018 1605 3068 Cum
1624 3035 1679 3068 se
1697 3018 1764 3067 ad
1778 3017 2036 3068 ulteriora
2052 3017 2269 3084 pervehi

333 3087 448 3155 jam
473 3092 721 3154 putaret,
757 3087 908 3139 ecce!
949 3089 1043 3139 illo
1081 3089 1354 3140 nesciente
1390 3089 1620 3156 qualiter
1654 3095 1833 3140 actum
1869 3089 2047 3152 fuerit,
2088 3089 2145 3138 in
2183 3089 2264 3139 in-

340 3159 514 3210 sulam
541 3177 677 3227 equo
704 3160 893 3210 sedens
921 3178 1080 3226 quem
1106 3161 1315 3211 furatus
1343 3167 1456 3211 erat
1483 3179 1536 3212 se
1567 3161 1799 3212 relatum
1825 3161 1986 3224 videt,
2021 3161 2166 3211 ultra
2190 3160 2269 3211 nil

339 3231 652 3299 praevalens,
695 3231 823 3282 velit
858 3232 1013 3295 nolit,
1053 3232 1128 3282 ibi
1162 3232 1382 3283 malitiae
1422 3233 1651 3283 limitem
1685 3233 1909 3284 invenit.
2001 3233 2267 3284 Mirandis

340 3303 586 3354 miranda
611 3303 922 3354 succedunt.
996 3304 1107 3354 Ubi
1133 3304 1275 3355 enim
1305 3322 1501 3371 equum
1528 3305 1843 3356 dimissurus
1871 3306 2086 3368 desiliit,
2115 3304 2266 3356 ecce!

341 3394 475 3442 quas
495 3375 596 3426 sibi
615 3375 834 3426 obvians
859 3375 1001 3427 unda
1021 3382 1348 3438 contexerat,
1375 3378 1544 3428 nudas
1573 3378 1752 3428 subito
1781 3396 1966 3429 arenas
1995 3378 2268 3445 conspicit.

342 3447 581 3499 Rediens
613 3448 813 3514 itaque,
853 3447 947 3499 ubi
985 3448 1223 3515 equitare
1260 3449 1407 3516 prius
1443 3450 1756 3517 nequiverat
1787 3468 2080 3518 perversuS,
2117 3450 2269 3500 siccis

342 3520 570 3587 pedibus
604 3520 886 3571 incedebat
922 3527 1204 3571 correctus.
1284 3522 1461 3588 Igitur
1485 3523 1674 3589 plenus
1701 3523 1884 3590 gaudii
1909 3523 1974 3573 de
2002 3541 2098 3572 sua
2123 3540 2268 3588 erep-

345 3592 510 3655 tione,
539 3597 593 3643 et
620 3592 852 3660 stuporis
880 3592 945 3643 de
971 3592 1219 3644 miraculi
1244 3594 1500 3657 novitate,
1529 3601 1706 3645 totum
1727 3594 1914 3646 ordine
1935 3612 2040 3662 quo
2061 3600 2274 3660 gestum

345 3664 467 3728 fuit,
497 3664 708 3716 cuidam
734 3670 951 3728 nostrae,
985 3664 1038 3716 id
1073 3671 1153 3716 est
1189 3666 1569 3718 Dunelmensis
1609 3667 1845 3719 ecclesiae
1884 3667 2146 3718 monacho
2178 3682 2273 3716 suo
