2384 4126
296 355 404 404 250
1063 374 1342 408 APPENDIX
1383 375 1470 408 111.

295 496 535 548 caritatis
580 498 778 562 studia,
822 500 1169 567 antiquorum
1209 502 1437 551 Patrum
1477 500 1623 551 facta
1662 500 1833 567 magis
1878 519 2039 568 quam
2084 500 2237 568 signa

294 569 711 622 consideramus.
810 572 1083 624 Quiddam
1133 578 1317 623 tamen
1361 572 1607 635 narrabo,
1662 573 1805 640 quod
1856 573 1922 624 ad
1972 573 2237 639 religiosae

293 641 419 693 vitae
459 642 605 693 illius
644 643 905 695 indicium
947 645 1216 712 pertinere
1257 662 1367 695 non
1412 645 1852 696 inconvenienter
1894 645 2136 707 dixerim,
2176 651 2238 695 ut

292 719 442 780 putO.
523 715 805 766 Habuerat
841 716 1042 767 librum
1076 717 1515 784 Evangeliorum,
1557 718 1783 784 gemmis
1811 723 1864 768 et
1891 735 2019 768 auro
2054 735 2233 784 peror-

291 792 500 849 natum,
539 787 598 838 in
630 806 735 855 quo
772 795 1003 855 quatuor
1039 789 1508 856 Evangelistarum
1550 790 1813 857 imagines
1853 790 2063 857 pictura
2104 807 2234 839 auro

294 857 532 910 admixta
573 859 876 924 decorabat,
931 861 1023 912 sed
1068 867 1121 912 et
1168 862 1408 929 capitalis
1457 880 1682 929 quaeque
1726 862 1908 913 littera
1950 879 2078 912 auro
2120 867 2236 912 tota

291 930 567 982 rutilabat.
650 932 817 983 Hunc
844 933 1100 994 codicem,
1134 951 1244 1000 prae
1274 934 1507 997 caeteris,
1536 934 1594 984 in
1631 934 1822 1001 quibus
1858 933 2085 1000 legendo
2122 939 2233 984 stu-

290 1002 415 1053 dere
443 1010 809 1067 consueverat,
848 1005 1022 1055 carius
1050 1023 1260 1072 semper
1296 1007 1599 1073 amplexata
1625 1007 1816 1057 fuerat.
1898 1006 2075 1059 Quem
2117 1006 2233 1073 qui-

294 1074 416 1125 dem
452 1075 715 1139 deferens,
757 1077 888 1126 dum
913 1077 1051 1128 forte
1079 1095 1172 1144 per
1198 1077 1394 1128 vadum
1429 1078 1702 1140 transiret,
1743 1078 1897 1140 liber,
1940 1078 2031 1144 qui
2056 1078 2234 1128 miuus

294 1153 450 1198 caute
491 1148 684 1214 pannis
727 1147 903 1199 fuerat
945 1149 1246 1211 obvolutus,
1285 1150 1344 1199 in
1384 1150 1588 1201 medias
1629 1168 1789 1217 aquas
1832 1150 2021 1200 cecidit
2038 1171 2051 1212 3
2096 1150 2237 1217 quod

290 1218 546 1285 ignorans
574 1219 821 1286 portitor,
849 1220 954 1271 iter
980 1221 1121 1288 quod
1147 1221 1424 1288 inceperat
1451 1240 1667 1273 securus
1696 1222 1932 1289 peregit,
1964 1239 2083 1272 cum
2113 1240 2236 1272 vero

292 1296 478 1357 postea
521 1291 720 1342 librum
772 1292 1011 1359 proferre
1056 1293 1235 1356 vellet,
1288 1300 1406 1344 tum
1457 1294 1692 1360 primum
1742 1295 1885 1361 quod
1936 1294 2237 1360 perdiderat

293 1363 528 1429 agnovit.
609 1364 967 1417 Quaerebatur
1003 1365 1095 1415 diu
1129 1383 1227 1416 nec
1267 1365 1658 1417 inveniebatur.
1736 1366 1976 1417 Tandem
2016 1366 2072 1416 in
2113 1384 2235 1433 pro-

291 1435 459 1486 fundo
486 1436 724 1487 fluminis
754 1443 969 1504 apertus
998 1438 1178 1506 jacere
1204 1438 1486 1505 reperitur,
1513 1437 1592 1488 ita
1619 1444 1678 1488 ut
1705 1438 1848 1488 illius
1876 1438 2004 1489 folia
2029 1439 2238 1506 impetu

293 1525 444 1574 aquae
472 1508 587 1560 sine
615 1509 911 1561 cessatione
934 1513 1286 1577 agitarentur,
1316 1516 1370 1561 et
1396 1510 1673 1578 panniculi
1700 1511 1764 1561 de
1793 1510 1962 1562 serico
1983 1511 2238 1562 violentia

287 1580 524 1630 fluminis
546 1581 1005 1645 abstraherentur,
1036 1582 1127 1649 qui
1155 1582 1364 1633 litteras
1386 1601 1589 1645 aureas,
1618 1601 1686 1634 ne
1707 1583 1961 1634 foliorum
1983 1589 2237 1634 contactu

293 1651 721 1716 obfuscarentur,
741 1661 1109 1705 contexerant.
1172 1654 1307 1706 Quis
1326 1655 1553 1706 ulterius
1573 1655 1773 1706 librum
1791 1656 1964 1706 valere
1980 1657 2235 1722 putaret?

298 1724 434 1776 Quis
460 1725 518 1774 in
551 1743 613 1776 eo
638 1726 722 1776 vel
756 1744 922 1776 unam
957 1727 1195 1777 litteram
1236 1745 1422 1794 parere
1459 1727 1737 1778 crederet?
1815 1729 1973 1779 Certe
2008 1728 2237 1794 integer,

289 1796 651 1864 incorruptus,
673 1798 890 1861 illaesus,
914 1798 979 1849 de
1009 1799 1183 1850 medio
1209 1799 1443 1849 fluminis
1472 1800 1790 1862 extrahitur,
1820 1800 1897 1850 ita
1922 1806 1985 1850 ut
2012 1800 2234 1851 minime

292 1868 358 1919 ab
401 1887 540 1936 aqua
576 1876 753 1920 tactus
800 1871 1102 1922 videretur.·
1166 1871 1382 1922 Candor
1423 1871 1568 1922 enim
1612 1871 1883 1934 foliorum,
1930 1878 1984 1922 et
2022 1872 2235 1938 integra

290 1940 348 1990 in
390 1941 638 1992 omnibus
681 1943 913 1993 formula
952 1943 1256 1994 litterarum
1299 1944 1376 1994 ita
1412 1944 1724 2010 permansit,
1761 1944 1900 1994 sicut
1932 1950 2046 1995 erat
2082 1951 2232 1995 ante-

291 2030 452 2079 quam
478 2013 534 2063 in
562 2014 784 2065 fluvium
807 2015 1084 2066 cecidisset
1100 2036 1115 2077 ,·
1145 2016 1251 2066 nisi
1273 2016 1415 2082 quod
1434 2016 1492 2066 in
1512 2016 1763 2067 extremis
1791 2016 1951 2079 foliis,
1979 2016 2037 2066 in
2063 2024 2231 2083 parte,

290 2085 376 2135 vix
422 2086 639 2153 aliquod
682 2086 922 2137 humoris
970 2087 1186 2154 signum
1234 2088 1399 2138 videri
1444 2094 1670 2155 poterat.
1764 2089 1926 2139 Liber
1972 2089 2133 2138 simul
2179 2095 2233 2139 et

290 2157 610 2208 miraculum
639 2158 705 2209 ad
732 2159 971 2225 reginam
998 2159 1248 2222 refertur,
1282 2178 1419 2226 quae,
1456 2160 1665 2211 reddita
1693 2160 1910 2211 Christo
1939 2161 2233 2226 gratiarum

291 2229 518 2291 actione,
564 2231 735 2281 multo
777 2231 950 2282 carius
994 2250 1155 2299 quam
1193 2238 1318 2283 ante
1347 2232 1584 2283 codicem
1612 2232 1971 2299 amplectitur.
2052 2233 2233 2284 Quare

293 2301 384 2351 alii
435 2302 650 2353 videant
701 2302 830 2370 quid
880 2303 1005 2355 inde
1057 2304 1295 2355 sentiant
1315 2326 1329 2367 3
1391 2322 1507 2371 egO,
1560 2311 1777 2372 propter
1827 2305 2026 2371 reginae
2076 2323 2233 2356 venc-

288 2373 474 2425 rabilis
501 2375 863 2439 dilectionem,
903 2376 1006 2427 hoc
1034 2376 1250 2444 signum
1279 2395 1310 2428 a
1336 2377 1572 2428 Domino
1599 2395 1709 2428 non
1737 2377 1966 2444 ambigo.

1207 2638 1342 2688 XII.

348 2748 500 2806 Quod
523 2748 718 2799 obitum
743 2766 891 2800 suum
922 2750 1244 2815 praescierit,
1285 2756 1336 2801 et
1368 2751 1603 2817 quoedam
1629 2750 1824 2817 futura
1851 2752 2185 2819 proedioeerit.

405 2876 625 2927 Interea
669 2895 792 2928 cum
837 2878 1195 2945 Omnipotens
1243 2880 1390 2931 Deus
1435 2880 1537 2947 piis
1584 2881 1698 2948 ejus
1745 2881 1992 2948 operibus
2039 2888 2239 2934 aeterna

289 2948 404 3016 jam
438 2948 658 3000 reddere
693 2950 910 3016 praemia
943 2958 1173 3018 pararet,
1215 2951 1331 3019 ipsa
1358 2969 1412 3003 se
1440 2953 1506 3003 ad
1537 2952 1822 3003 introitum
1849 2954 1971 3005 Vitae
1999 2955 2234 3018 alterius,

293 3020 467 3071 multo
507 3038 668 3087 quam
709 3021 1407 3086 consueverat‘studiosius,
1448 3025 1812 3091 praeparabat.
1890 3026 2050 3090 Nam,
2096 3027 2236 3077 sicut

295 3093 455 3159 paulo
496 3098 618 3159 post
663 3111 728 3143 ex
769 3094 938 3161 ipsius
981 3094 1153 3145 verbis
1196 3096 1646 3159 manifestabitur,
1687 3116 1844 3147 suum
1886 3098 1950 3149 de
1985 3099 2086 3150 hac
2126 3099 2237 3149 vita

298 3164 520 3227 exitum,
558 3170 611 3215 et
648 3165 753 3216 alia
791 3166 1036 3232 quaedam
1061 3167 1261 3230 futura,
1289 3168 1448 3235 longe
1481 3175 1605 3219 ante
1638 3168 1910 3236 praescisse
1936 3171 2232 3222 Videbatur.

296 3237 489 3304 Itaque
517 3238 770 3288 secretius
799 3256 884 3289 me
912 3238 1206 3305 alloquens,
1247 3258 1398 3290 suam
1423 3240 1559 3290 mihi
1586 3259 1649 3292 ex
1676 3242 1862 3293 ordine
1883 3242 2047 3293 vitam
2076 3243 2236 3310 coepit

295 3309 571 3376 replicare,
632 3315 685 3360 et
731 3310 797 3360 ad
841 3310 1053 3377 singula
1095 3311 1256 3362 verba
1299 3312 1661 3380 lacrymarum
1705 3314 1893 3365 fluvios
1941 3315 2231 3366 effundere.

295 3382 470 3432 Tanta
501 3381 731 3448 denique
771 3381 913 3433 inter
952 3383 1366 3450 colloquendum
1392 3385 1507 3452 ejus
1535 3392 1648 3436 erat
1684 3387 2042 3454 compunctio,
2082 3393 2236 3438 tanta

297 3471 362 3504 ex
403 3453 814 3520 compunctione
857 3462 1172 3521 proruperat
1213 3455 1440 3506 fletuum
1479 3457 1734 3523 profusio,
1792 3466 1851 3509 ut
1899 3459 2056 3525 (sicut
2101 3459 2235 3509 mihi

295 3525 594 3592 Videbatur)
630 3526 766 3575 nihil
805 3527 1157 3593 proculdubio
1199 3534 1356 3590 esset,
1398 3529 1539 3595 quod
1583 3548 1613 3579 a
1653 3530 1869 3581 Christo
1904 3537 2035 3581 tunc
2066 3531 2233 3598 impe-

295 3602 439 3648 trare
460 3615 569 3648 non
595 3604 789 3664 posset.
870 3599 1058 3650 Flente
1077 3599 1209 3666 ipsa,
1237 3600 1357 3651 flevi
1384 3608 1437 3651 et
1465 3619 1593 3668 ego:
1623 3601 1717 3652 diu
1736 3602 1940 3664 flentes,
1962 3602 2235 3653 interdum

297 3669 583 3732 tacuimus,
624 3670 877 3737 quoniam
906 3670 1149 3738 singultu
1183 3681 1563 3741 prorumpente
1593 3674 1749 3724 verba
1783 3674 2020 3741 proferre
2046 3675 2232 3741 nequi-
