2384 4126
293 371 400 420 220
1089 386 1365 420 APPENDIX
1406 387 1442 419 1.

401 515 530 566 Post
558 514 744 565 Eadwi
771 514 1003 582 Eadgar,
1044 514 1210 565 frater
1236 516 1368 582 ejus,
1410 513 1533 581 xviij
1565 531 1750 564 annos.

401 587 531 638 Post
558 587 869 655 Eadgarum
896 587 1036 637 filius
1064 587 1196 655 erS,
1238 586 1534 649 EdvarduS,
1574 586 1631 636 in
1660 585 2027 649 Scheftesbiri,
2070 605 2115 636 v.

400 659 530 710 Post
556 660 899 710 Eadvardum
926 659 1091 710 frater
1119 660 1250 727 ejus,
1292 658 1673 720 Etheldredus3
1713 657 1915 709 xxxixst

401 732 532 782 Post
559 750 682 783 eum
711 732 857 783 Cnut
885 732 973 782 xix
1000 749 1185 783 annos.
1263 731 1393 782 Post
1421 731 1568 782 Cnut
1597 731 1884 794 Heraldus,
1924 730 2067 781 filius
2094 730 2229 798 ejus,

296 822 325 853 V
353 821 539 958 &til-333·
584 894 708 928 eum
762 876 1097 939 Hardicnut,
1142 875 1198 943 iij
1249 893 1417 926 annos
1443 896 1452 925 ε
1513 881 1635 942 post
1687 875 1831 926 hunc
1882 874 2229 937 EadwarduS,
2292 942 2305 952 ‘

294 966 531 1101 XXII-Post
547 1020 697 1098 *hunc
720 1020 928 1072 Herald
955 1021 1022 1071 ad
1046 1019 1406 1088 Epiphaniam
1433 1020 1506 1085 (et
1527 1038 1694 1087 usque
1723 1019 1789 1070 ad
1815 1020 2015 1072 festum
2045 1020 2230 1071 Sancti

295 1092 709 1216 Galfflvxiiiieimus
738 1165 938 1233 Major,
978 1165 1063 1232 xxj
1096 1182 1298 1215 annos:
1340 1163 1649 1214 willelmus
1677 1164 1879 1227 Minor,
1919 1164 2009 1232 xiij
2042 1182 2227 1216 annos.

404 1237 676 1289 Henricus
724 1255 864 1288 anno
910 1237 1082 1288 aetatis
1118 1254 1226 1288 suae
1269 1235 1415 1304 lxviij
1465 1235 1615 1286 obiit.
1697 1236 1963 1304 Regnavit
2000 1237 2230 1304 gloriose

294 1327 463 1361 annos
489 1328 629 1360 xxxv
656 1316 709 1361 et
735 1327 948 1360 menses
974 1309 1071 1378 iiij.

375 1514 611 1547 111.—DE
654 1514 986 1548 PARTITIONE
1027 1515 1245 1548 ANGLIAE
1286 1514 1345 1547 IN
1388 1514 1615 1548 SCHIRAS
1656 1515 1722 1547 ΕΤ
1764 1496 2160 1548 EPISCOPATUSJ

404 1610 606 1678 Anglia
630 1609 795 1662 habet
821 1610 878 1660 in
904 1610 1244 1678 longitudino
1283 1611 1457 1662 Dcccta
1494 1610 1724 1661 miliaria
1760 1630 1789 1661 a
1814 1611 1932 1662 loco
1959 1611 2230 1663 Penwith-

297 1689 432 1734 stert
485 1689 693 1745 vocato,
750 1682 842 1750 qui
894 1683 1029 1733 situs
1074 1690 1154 1734 est
1200 1701 1266 1733 xv
1310 1683 1484 1750 leugis
1534 1684 1678 1734 ultra
1728 1684 2123 1735 Michaelstoue
2173 1684 2229 1734 111

298 1756 654 1818 Cornewalas,
695 1774 862 1822 usque
902 1756 969 1806 ad
1005 1756 1271 1807 Cathenes
1314 1762 1460 1806 trans
1503 1756 1757 1807 Scotiam.
1837 1757 1905 1807 In
1943 1756 2232 1807 latitudine

295 1828 459 1879 habet
501 1845 595 1879 ccc
642 1828 873 1878 miliaria
918 1846 948 1878 a
992 1828 1328 1895 Depiestowe
1378 1846 1548 1895 usque
1590 1829 1773 1880 Dofre.
1855 1829 2038 1880 Habet
2083 1829 2233 1880 sedes

297 1900 737 1968 metropolitanas
781 1900 931 1963 duas,
985 1900 1352 1963 Cantuariam,
1406 1907 1460 1951 et
1510 1900 1839 1963 Eboracam3
1898 1902 2047 1953 sedes
2093 1902 2230 1968 epis-

298 1973 508 2041 copales
554 1971 662 2036 xvsf
714 1972 1114 2023 Rovecestriam
1135 1995 1149 2036 3
1204 1972 1548 2024 Lundoniam
1569 1994 1583 2035 3
1637 1973 1919 2024 Northwic
1939 1994 1953 2035 3
2014 1974 2124 2041 (qui
2167 1973 2232 2024 de

298 2045 508 2096 duobus
547 2064 689 2096 unus
729 2045 904 2095 sactus
944 2051 1043 2107 est,
1083 2063 1210 2096 nam
1236 2064 1345 2096 una
1372 2045 1521 2096 sedes
1550 2052 1664 2096 erat
1699 2045 1839 2113 apud
1870 2046 2124 2096 Helmam
2150 2046 2233 2097 vel

297 2117 575 2180 Thetford,
617 2117 852 2169 secunda
879 2117 1020 2185 apud
1047 2117 1394 2183 Domnach,)l
1426 2117 1740 2169 Cicestriam
1758 2139 1772 2180 3
1814 2118 2198 2169 VVincestriam
2216 2140 2231 2180 3

302 2190 526 2253 Searibi,
567 2208 724 2257 quam
773 2190 1152 2240 Heremannus
1198 2190 1493 2257 episcopus,
1534 2190 1882 2257 permittente
1927 2209 2052 2258 rege
2091 2191 2232 2241 Ead-

297 2263 493 2326 wardo,
531 2262 595 2313 de
621 2262 831 2313 duobus
858 2262 1287 2329 episcopatubus,
1317 2262 1621 2314 Ramesbiri
1648 2271 1701 2314 et
1731 2263 2036 2324 Scireburn,
2069 2274 2235 2313 unam

298 2335 425 2386 fecit
446 2357 460 2398 3
502 2336 839 2398 Execeastre,
879 2353 1041 2402 quam
1077 2335 1354 2386 Leofricus
1395 2335 1692 2403 episcopus,
1731 2335 2079 2403 permittente
2111 2354 2235 2403 rege

297 2407 612 2470 Eadwardo,
649 2408 716 2459 de
742 2407 950 2458 duobus
978 2407 1406 2475 episcopatubus,
1434 2408 1489 2459 in
1519 2408 1844 2471 Cornewale,
1879 2408 1946 2458 ad
1975 2410 2231 2459 Sanctum

299 2480 651 2543 Germanum,
685 2486 739 2531 et
765 2480 1072 2547 13111111011,7η
1098 2498 1262 2531 unam
1290 2480 1416 2531 fecit
1436 2502 1449 2543 3
1493 2480 1730 2543 Bathun,
1772 2481 1926 2548 cujus
1953 2480 2103 2531 sedes
2128 2481 2235 2531 fuit

299 2553 442 2620 apud
480 2552 657 2604 Welle
695 2571 865 2620 usque
906 2552 972 2603 ad
1011 2552 1124 2603 dies
1156 2553 1420 2603 Willelmi
1456 2553 1597 2620 regis
1638 2553 1872 2604 Secundi
1910 2559 1964 2604 et
2002 2553 2237 2620 episcopi

300 2626 334 2675 J
339 2625 567 2676 ohannis
587 2647 601 2688 3
649 2625 975 2676 Wirecestre
995 2646 1009 2687 3
1074 2625 1343 2676 Hereford
1362 2646 1376 2688 3
1438 2625 1695 2687 Ceastria,
1737 2626 1888 2692 cujus
1936 2626 2085 2676 sedes
2131 2626 2236 2676 fuit

299 2698 441 2765 apud
467 2697 731 2748 Lichfield
765 2698 867 2768 (vel
894 2697 1289 2765 Coventriam)'²
1315 2716 1485 2764 usque
1519 2698 1585 2748 ad
1618 2697 1731 2749 dies
1757 2698 2021 2749 Willelmi
2048 2698 2235 2761 Primi,

385 2823 402 2848 '¹
431 2824 557 2865 After
602 2824 811 2865 Ethelred
857 2825 1065 2877 'Pwysden
1108 2825 1262 2866 inserts
1306 2825 1381 2866 the
1425 2825 1527 2866 nine
1564 2826 1753 2866 months'
1790 2826 1914 2879 reign
1952 2826 1999 2867 of
2033 2825 2238 2866 Edmund

301 2879 510 2930 Ironside,
538 2881 619 2920 but
638 2880 673 2919 it
692 2880 726 2919 is
746 2882 823 2920 not
843 2881 1013 2921 noticed
1033 2880 1078 2920 in
1098 2881 1173 2921 the
1194 2880 1287 2921 MS.

384 2934 394 2959 ¹⁶
424 2935 515 2975 The
546 2935 682 2975 words
711 2936 901 2976 between
924 2936 1116 2975 brackets
1145 2949 1215 2976 are
1242 2935 1429 2976 inserted
1448 2934 1495 2975 in
1515 2948 1540 2974 a
1559 2948 1661 2988 very
1680 2935 1862 2986 minute,
1890 2936 1970 2976 but
1989 2936 2240 2989 apparently

300 2992 721 3041 contemporaneous,
752 2990 867 3030 hand
887 2991 931 3030 in
952 2991 1026 3031 the
1047 2990 1141 3031 MS.

379 3046 397 3079 J
427 3045 565 3085 There
595 3044 631 3085 is
662 3058 718 3085 no
752 3045 847 3086 title
877 3046 1065 3097 prefixed
1089 3048 1134 3085 to
1162 3044 1248 3085 this
1270 3045 1382 3086 little
1402 3047 1514 3086 tract
1534 3045 1578 3084 in
1599 3046 1673 3086 the
1694 3045 1803 3096 MS,
1831 3046 1912 3086 but
1932 3046 2111 3087 another
2131 3060 2238 3098 copy

302 3100 432 3141 exists
460 3100 507 3140 in
540 3100 615 3140 the
646 3100 841 3140 Arundel
876 3100 984 3150 MS,
1015 3100 1213 3150 Norfolk,
1244 3105 1340 3150 222,
1371 3100 1509 3140 which
1540 3101 1616 3140 has
1648 3102 1756 3141 been
1789 3101 2016 3152 published
2048 3103 2105 3153 by
2133 3102 2238 3142 Gale

304 3155 503 3208 (Oxford,
535 3158 659 3205 1691,
689 3169 730 3207 p.
753 3157 869 3205 560),
901 3156 1038 3195 under
1067 3156 1142 3195 the
1171 3155 1279 3203 title,
1311 3156 1414 3196 “De
1442 3156 1673 3207 partitione
1699 3156 1927 3206 provinciae
1951 3156 1996 3196 in
2018 3157 2175 3197 schiras
2196 3163 2239 3198 et

302 3211 581 3262 episcopatus,
612 3215 652 3249 et
685 3211 856 3262 reyna.”
929 3210 1101 3250 Besides
1133 3210 1249 3251 what
1283 3224 1429 3251 occurs
1468 3211 1514 3250 in
1548 3224 1628 3251 our
1661 3211 1770 3262 MS,
1809 3212 1884 3252 the
1918 3211 2114 3252 Arundel
2148 3215 2239 3252 text

302 3266 496 3307 contains
526 3266 601 3306 the
632 3265 704 3305 list
736 3266 781 3305 of
806 3265 1031 3317 kingdoms
1061 3265 1165 3305 with
1195 3266 1269 3306 the
1301 3266 1534 3317 bishoprics
1560 3267 1605 3305 in
1630 3267 1745 3316 each,
1775 3267 1915 3307 which
1936 3280 2006 3307 are
2036 3267 2162 3319 given
2181 3269 2240 3319 by

302 3321 598 3373 Malmesbury
620 3321 769 3372 (Gesta
788 3320 959 3372 Regum
980 3320 1237 3373 Anglorum,
1257 3321 1300 3370 i.,
1321 3324 1382 3371 6),
1411 3321 1549 3361 which
1576 3324 1777 3362 accounts
1806 3323 1869 3362 for
1889 3323 1963 3363 the
1983 3323 2176 3363 addition
2197 3323 2244 3363 of

302 3377 378 3417 the
398 3377 479 3416 last
499 3376 638 3416 clause
659 3376 705 3416 os
729 3376 803 3417 the
823 3376 932 3426 title,
963 3377 988 3395 ‘⁶
1001 3378 1044 3416 et
1068 3376 1243 3427 regna,”
1272 3376 1412 3416 which
1433 3377 1531 3417 does
1551 3380 1627 3417 not
1646 3378 1773 3429 apply
1792 3381 1837 3418 to
1857 3378 1931 3418 the
1951 3380 2062 3418 tract
2081 3391 2125 3418 as
2144 3391 2240 3418 now

301 3432 485 3484 printed.
546 3432 637 3472 'Phe
669 3444 781 3472 same
814 3433 978 3472 extract
998 3431 1107 3471 from
1127 3431 1420 3483 Malmesbury
1441 3445 1587 3472 occurs
1608 3432 1694 3473 also
1713 3433 1760 3472 in
1780 3434 1959 3473 another
1978 3435 2074 3484 part
2095 3433 2141 3473 of
2165 3434 2239 3473 the

304 3487 559 3539 Cambridge
578 3487 749 3527 volume
773 3486 892 3536 (folio
912 3488 1029 3536 215),
1060 3487 1138 3526 but
1158 3489 1234 3526 not
1253 3486 1299 3525 in
1320 3487 1574 3527 connection
1594 3487 1700 3527 with
1727 3501 1812 3540 any
1834 3489 1948 3528 work
1968 3489 2014 3528 of
2041 3490 2236 3540 Symeon,

388 3542 405 3567 ¹²
435 3542 631 3583 Arundel
651 3542 760 3592 MS,
781 3555 850 3582 xx.
876 3541 1120 3593 (including
1139 3542 1214 3581 the
1234 3541 1386 3582 Welsh
1406 3555 1493 3583 sees
1513 3543 1597 3582 and
1617 3543 1913 3594 VVhitherne).

429 3598 520 3638 The
540 3598 675 3638 words
697 3597 847 3637 within
866 3597 1060 3637 brackets
1080 3609 1151 3637 are
1171 3597 1305 3637 added
1326 3597 1435 3637 from
1454 3598 1529 3638 the
1548 3597 1744 3639 Arundel
1764 3598 1857 3639 MS.

388 3659 414 3675 ”¹
443 3652 640 3693 Arundel
660 3653 754 3693 MS.
778 3653 850 3692 has
871 3652 1075 3693 Crediton
1095 3651 1260 3692 instead
1281 3652 1327 3691 of
1352 3652 1565 3704 Bridport.

389 3713 407 3729 ⁷²
439 3708 529 3748 'Phe
551 3709 686 3749 words
708 3708 858 3748 within
879 3708 1073 3748 brackets
1094 3720 1164 3748 are
1185 3708 1293 3747 from
1314 3708 1387 3748 the
1408 3708 1602 3749 Arundel
1624 3708 1718 3749 MS
