<?xml version="1.0" encoding="UTF-8"?>
<!DOCTYPE html PUBLIC "-//W3C//DTD XHTML 1.0 Transitional//EN"
    "http://www.w3.org/TR/xhtml1/DTD/xhtml1-transitional.dtd">
<html xmlns="http://www.w3.org/1999/xhtml" xml:lang="en" lang="en">
 <head>
  <title>
</title>
<meta http-equiv="Content-Type" content="text/html;charset=utf-8" />
  <meta name='ocr-system' content='tesseract 3.04.00' />
  <meta name='ocr-capabilities' content='ocr_page ocr_carea ocr_par ocr_line ocrx_word'/>
</head>
<body>
  <div class='ocr_page' id='page_1' title='image "./operacollect00simerich_0288.png"; bbox 0 0 2384 4126; ppageno 0'>
   <div class='ocr_carea' id='block_1_1' title="bbox 293 377 1636 427">
    <p class='ocr_par' dir='ltr' id='par_1_1' title="bbox 293 377 1636 427">
     <span class='ocr_line' id='line_1_1' title="bbox 293 377 1636 427; baseline -0.001 0"><span class='ocrx_word' id='word_1_1' title='bbox 293 377 397 427; x_wconf 87' lang='lat'><strong>198</strong></span> <span class='ocrx_word' id='word_1_2' title='bbox 880 393 1139 427; x_wconf 76' lang='lat' dir='ltr'><strong>HISTORIA</strong></span> <span class='ocrx_word' id='word_1_3' title='bbox 1177 391 1636 426; x_wconf 78' lang='lat' dir='ltr'><strong>TRANSLATIONUM</strong></span> 
     </span>
    </p>
   </div>
   <div class='ocr_carea' id='block_1_2' title="bbox 275 517 2254 2591">
    <p class='ocr_par' dir='ltr' id='par_1_2' title="bbox 275 517 2254 2591">
     <span class='ocr_line' id='line_1_2' title="bbox 290 517 2220 583; baseline -0.002 -13"><span class='ocrx_word' id='word_1_4' title='bbox 290 519 521 570; x_wconf 79' lang='lat' dir='ltr'><strong>fratrum</strong></span> <span class='ocrx_word' id='word_1_5' title='bbox 573 525 730 583; x_wconf 80' lang='lat' dir='ltr'><strong>caetn,</strong></span> <span class='ocrx_word' id='word_1_6' title='bbox 796 526 920 571; x_wconf 89' lang='lat' dir='ltr'><strong>ante</strong></span> <span class='ocrx_word' id='word_1_7' title='bbox 971 520 1160 571; x_wconf 90' lang='lat' dir='ltr'><strong>horam</strong></span> <span class='ocrx_word' id='word_1_8' title='bbox 1205 519 1597 571; x_wconf 88' lang='lat' dir='ltr'><strong>Translationis</strong></span> <span class='ocrx_word' id='word_1_9' title='bbox 1637 518 1918 569; x_wconf 90' lang='lat' dir='ltr'><strong>humiliter</strong></span> <span class='ocrx_word' id='word_1_10' title='bbox 1967 517 2059 568; x_wconf 90' lang='lat' dir='ltr'><strong>ille</strong></span> <span class='ocrx_word' id='word_1_11' title='bbox 2103 522 2220 567; x_wconf 86' lang='lat' dir='ltr'><strong>toto</strong></span> 
     </span>
     <span class='ocr_line' id='line_1_3' title="bbox 289 589 2220 660; baseline -0.002 -18"><span class='ocrx_word' id='word_1_12' title='bbox 289 597 592 658; x_wconf 86' lang='lat' dir='ltr'><strong>prostratus</strong></span> <span class='ocrx_word' id='word_1_13' title='bbox 618 609 837 659; x_wconf 87' lang='lat' dir='ltr'><strong>corpore</strong></span> <span class='ocrx_word' id='word_1_14' title='bbox 871 592 1046 660; x_wconf 89' lang='lat' dir='ltr'><strong>petiit,</strong></span> <span class='ocrx_word' id='word_1_15' title='bbox 1087 597 1150 643; x_wconf 90' lang='lat' dir='ltr'><strong>ut</strong></span> <span class='ocrx_word' id='word_1_16' title='bbox 1192 591 1521 659; x_wconf 91' lang='lat' dir='ltr'><strong>compatiens</strong></span> <span class='ocrx_word' id='word_1_17' title='bbox 1558 590 1660 642; x_wconf 87' lang='lat' dir='ltr'><strong>sibi</strong></span> <span class='ocrx_word' id='word_1_18' title='bbox 1694 591 1933 641; x_wconf 87' lang='lat' dir='ltr'><strong>fraterna</strong></span> <span class='ocrx_word' id='word_1_19' title='bbox 1969 589 2162 640; x_wconf 89' lang='lat' dir='ltr'><strong>caritas</strong></span> <span class='ocrx_word' id='word_1_20' title='bbox 2189 607 2220 639; x_wconf 92' lang='lat' dir='ltr'><strong>a</strong></span> 
     </span>
     <span class='ocr_line' id='line_1_4' title="bbox 289 663 2219 732; baseline -0.002 -18"><span class='ocrx_word' id='word_1_21' title='bbox 289 663 449 715; x_wconf 90' lang='lat' dir='ltr'><strong>beato</strong></span> <span class='ocrx_word' id='word_1_22' title='bbox 495 664 797 716; x_wconf 87' lang='lat' dir='ltr'><strong>Cuthberto</strong></span> <span class='ocrx_word' id='word_1_23' title='bbox 847 665 1163 732; x_wconf 77' lang='lat' dir='ltr'>postularet,</span> <span class='ocrx_word' id='word_1_24' title='bbox 1217 664 1470 732; x_wconf 75' lang='lat' dir='ltr'>quatinus</span> <span class='ocrx_word' id='word_1_25' title='bbox 1522 681 1618 714; x_wconf 90' lang='lat' dir='ltr'><strong>suo</strong></span> <span class='ocrx_word' id='word_1_26' title='bbox 1661 663 1774 731; x_wconf 92' lang='lat' dir='ltr'><strong>ipse</strong></span> <span class='ocrx_word' id='word_1_27' title='bbox 1817 663 2144 724; x_wconf 78' lang='lat' dir='ltr'><strong>interventU,</strong></span> <span class='ocrx_word' id='word_1_28' title='bbox 2189 679 2219 711; x_wconf 89' lang='lat' dir='ltr'><strong>a</strong></span> 
     </span>
     <span class='ocr_line' id='line_1_5' title="bbox 292 732 2221 803; baseline -0.002 -16"><span class='ocrx_word' id='word_1_29' title='bbox 292 736 569 787; x_wconf 86' lang='lat' dir='ltr'><strong>Salvatore</strong></span> <span class='ocrx_word' id='word_1_30' title='bbox 594 736 836 787; x_wconf 91' lang='lat' dir='ltr'><strong>omnium</strong></span> <span class='ocrx_word' id='word_1_31' title='bbox 865 737 1051 787; x_wconf 90' lang='lat' dir='ltr'><strong>salutis</strong></span> <span class='ocrx_word' id='word_1_32' title='bbox 1080 736 1130 787; x_wconf 92' lang='lat' dir='ltr'><strong>ei</strong></span> <span class='ocrx_word' id='word_1_33' title='bbox 1154 737 1356 788; x_wconf 90' lang='lat' dir='ltr'><strong>donum</strong></span> <span class='ocrx_word' id='word_1_34' title='bbox 1381 736 1710 803; x_wconf 78' lang='lat' dir='ltr'><strong>impetraret.</strong></span> <span class='ocrx_word' id='word_1_35' title='bbox 1775 735 1988 786; x_wconf 77' lang='lat' dir='ltr'><strong>Annuit</strong></span> <span class='ocrx_word' id='word_1_36' title='bbox 2014 732 2221 801; x_wconf 91' lang='lat' dir='ltr'><strong>petenti</strong></span> 
     </span>
     <span class='ocr_line' id='line_1_6' title="bbox 291 807 2221 876; baseline -0.002 -17"><span class='ocrx_word' id='word_1_37' title='bbox 291 814 540 876; x_wconf 88' lang='lat' dir='ltr'><strong>prompta</strong></span> <span class='ocrx_word' id='word_1_38' title='bbox 565 808 794 859; x_wconf 81' lang='lat' dir='ltr'><strong>fratrum</strong></span> <span class='ocrx_word' id='word_1_39' title='bbox 821 808 1050 870; x_wconf 88' lang='lat' dir='ltr'><strong>devotio,</strong></span> <span class='ocrx_word' id='word_1_40' title='bbox 1074 815 1127 859; x_wconf 91' lang='lat' dir='ltr'><strong>et</strong></span> <span class='ocrx_word' id='word_1_41' title='bbox 1153 808 1397 860; x_wconf 92' lang='lat' dir='ltr'><strong>oratione</strong></span> <span class='ocrx_word' id='word_1_42' title='bbox 1422 808 1627 859; x_wconf 89' lang='lat' dir='ltr'><strong>indicta</strong></span> <span class='ocrx_word' id='word_1_43' title='bbox 1651 807 2011 875; x_wconf 81' lang='lat' dir='ltr'><strong>precabantur</strong></span> <span class='ocrx_word' id='word_1_44' title='bbox 2032 813 2090 856; x_wconf 91' lang='lat' dir='ltr'><strong>ut</strong></span> <span class='ocrx_word' id='word_1_45' title='bbox 2110 823 2221 856; x_wconf 92' lang='lat' dir='ltr'><strong>non</strong></span> 
     </span>
     <span class='ocr_line' id='line_1_7' title="bbox 289 877 2219 948; baseline -0.002 -17"><span class='ocrx_word' id='word_1_46' title='bbox 289 899 387 931; x_wconf 92' lang='lat' dir='ltr'><strong>sua</strong></span> <span class='ocrx_word' id='word_1_47' title='bbox 411 886 630 948; x_wconf 86' lang='lat' dir='ltr'><strong>peccata</strong></span> <span class='ocrx_word' id='word_1_48' title='bbox 656 881 748 932; x_wconf 88' lang='lat' dir='ltr'><strong>sed</strong></span> <span class='ocrx_word' id='word_1_49' title='bbox 772 881 933 932; x_wconf 88' lang='lat' dir='ltr'><strong>fidem</strong></span> <span class='ocrx_word' id='word_1_50' title='bbox 959 881 1192 948; x_wconf 90' lang='lat' dir='ltr'><strong>petentis</strong></span> <span class='ocrx_word' id='word_1_51' title='bbox 1220 880 1498 947; x_wconf 78' lang='lat' dir='ltr'><strong>aspiceret,</strong></span> <span class='ocrx_word' id='word_1_52' title='bbox 1541 886 1594 931; x_wconf 91' lang='lat' dir='ltr'><strong>et</strong></span> <span class='ocrx_word' id='word_1_53' title='bbox 1622 880 1689 930; x_wconf 88' lang='lat' dir='ltr'><strong>ad</strong></span> <span class='ocrx_word' id='word_1_54' title='bbox 1723 879 1949 946; x_wconf 82' lang='lat' dir='ltr'><strong>gloriam</strong></span> <span class='ocrx_word' id='word_1_55' title='bbox 1983 877 2219 929; x_wconf 90' lang='lat' dir='ltr'><strong>nominis</strong></span> 
     </span>
     <span class='ocr_line' id='line_1_8' title="bbox 290 952 2254 1020; baseline -0.002 -16"><span class='ocrx_word' id='word_1_56' title='bbox 290 953 396 1004; x_wconf 90' lang='lat' dir='ltr'><strong>Dei</strong></span> <span class='ocrx_word' id='word_1_57' title='bbox 431 971 462 1003; x_wconf 92' lang='lat' dir='ltr'><strong>a</strong></span> <span class='ocrx_word' id='word_1_58' title='bbox 495 954 613 1004; x_wconf 90' lang='lat' dir='ltr'><strong>Deo</strong></span> <span class='ocrx_word' id='word_1_59' title='bbox 653 953 882 1020; x_wconf 85' lang='lat' dir='ltr'><strong>gratiam</strong></span> <span class='ocrx_word' id='word_1_60' title='bbox 918 953 965 1004; x_wconf 92' lang='lat' dir='ltr'><strong>ei</strong></span> <span class='ocrx_word' id='word_1_61' title='bbox 997 952 1243 1003; x_wconf 88' lang='lat' dir='ltr'><strong>sanitatis</strong></span> <span class='ocrx_word' id='word_1_62' title='bbox 1279 952 1565 1003; x_wconf 90' lang='lat' dir='ltr'><strong>obtineret.</strong></span> <span class='ocrx_word' id='word_1_63' title='bbox 1643 952 1835 1002; x_wconf 90' lang='lat' dir='ltr'><strong>Auditi</strong></span> <span class='ocrx_word' id='word_1_64' title='bbox 1869 956 1996 1002; x_wconf 90' lang='lat' dir='ltr'><strong>sunt</strong></span> <span class='ocrx_word' id='word_1_65' title='bbox 2035 957 2088 1002; x_wconf 92' lang='lat' dir='ltr'><strong>et</strong></span> <span class='ocrx_word' id='word_1_66' title='bbox 2127 968 2215 1001; x_wconf 86' lang='lat' dir='ltr'><strong>ex·</strong></span> <span class='ocrx_word' id='word_1_67' title='bbox 2245 952 2254 959; x_wconf 79' lang='grc'><strong><em>’</em></strong></span> 
     </span>
     <span class='ocr_line' id='line_1_9' title="bbox 291 1023 2218 1092; baseline -0.001 -17"><span class='ocrx_word' id='word_1_68' title='bbox 291 1024 462 1075; x_wconf 88' lang='lat' dir='ltr'><strong>auditi</strong></span> <span class='ocrx_word' id='word_1_69' title='bbox 487 1024 732 1092; x_wconf 72' lang='lat' dir='ltr'><strong>utrique,</strong></span> <span class='ocrx_word' id='word_1_70' title='bbox 774 1025 865 1075; x_wconf 89' lang='lat' dir='ltr'><strong>ille</strong></span> <span class='ocrx_word' id='word_1_71' title='bbox 891 1042 986 1091; x_wconf 91' lang='lat' dir='ltr'><strong>per</strong></span> <span class='ocrx_word' id='word_1_72' title='bbox 1012 1024 1189 1087; x_wconf 91' lang='lat' dir='ltr'><strong>fidem,</strong></span> <span class='ocrx_word' id='word_1_73' title='bbox 1240 1025 1427 1075; x_wconf 75' lang='lat' dir='ltr'><strong>Omnia</strong></span> <span class='ocrx_word' id='word_1_74' title='bbox 1453 1025 1588 1075; x_wconf 78' lang='lat' dir='ltr'><strong>enim</strong></span> <span class='ocrx_word' id='word_1_75' title='bbox 1609 1024 1889 1090; x_wconf 75' lang='lat' dir='ltr'><strong>possibilia</strong></span> <span class='ocrx_word' id='word_1_76' title='bbox 1927 1023 2159 1074; x_wconf 76' lang='lat' dir='ltr'><strong>credenti</strong></span> <span class='ocrx_word' id='word_1_77' title='bbox 2177 1031 2218 1082; x_wconf 38' lang='grc' dir='ltr'><strong>,Α</strong></span> 
     </span>
     <span class='ocr_line' id='line_1_10' title="bbox 288 1094 2219 1163; baseline -0.002 -16"><span class='ocrx_word' id='word_1_78' title='bbox 288 1096 371 1146; x_wconf 90' lang='grc'><strong>1111</strong></span> <span class='ocrx_word' id='word_1_79' title='bbox 397 1115 492 1163; x_wconf 90' lang='lat' dir='ltr'><strong>per</strong></span> <span class='ocrx_word' id='word_1_80' title='bbox 518 1097 815 1159; x_wconf 90' lang='lat' dir='ltr'><strong>caritatem,</strong></span> <span class='ocrx_word' id='word_1_81' title='bbox 854 1114 973 1163; x_wconf 77' lang='lat' dir='ltr'><strong>quae</strong></span> <span class='ocrx_word' id='word_1_82' title='bbox 1010 1102 1213 1163; x_wconf 91' lang='lat' dir='ltr'><strong>quanto</strong></span> <span class='ocrx_word' id='word_1_83' title='bbox 1249 1096 1420 1162; x_wconf 88' lang='lat' dir='ltr'><strong>magis</strong></span> <span class='ocrx_word' id='word_1_84' title='bbox 1454 1094 1749 1147; x_wconf 89' lang='lat' dir='ltr'><strong>inclinatur</strong></span> <span class='ocrx_word' id='word_1_85' title='bbox 1787 1095 2030 1162; x_wconf 85' lang='lat' dir='ltr'><strong>proximo</strong></span> <span class='ocrx_word' id='word_1_86' title='bbox 2065 1100 2219 1145; x_wconf 90' lang='lat' dir='ltr'><strong>tanto</strong></span> 
     </span>
     <span class='ocr_line' id='line_1_11' title="bbox 286 1166 2217 1236; baseline -0.001 -17"><span class='ocrx_word' id='word_1_87' title='bbox 286 1168 459 1235; x_wconf 88' lang='lat' dir='ltr'><strong>magis</strong></span> <span class='ocrx_word' id='word_1_88' title='bbox 512 1169 904 1236; x_wconf 88' lang='lat' dir='ltr'><strong>appropinquat</strong></span> <span class='ocrx_word' id='word_1_89' title='bbox 948 1169 1082 1219; x_wconf 91' lang='lat' dir='ltr'><strong>Deo.</strong></span> <span class='ocrx_word' id='word_1_90' title='bbox 1160 1168 1403 1230; x_wconf 88' lang='lat' dir='ltr'><strong>Peracta,</strong></span> <span class='ocrx_word' id='word_1_91' title='bbox 1455 1174 1516 1219; x_wconf 90' lang='lat' dir='ltr'><strong>ut</strong></span> <span class='ocrx_word' id='word_1_92' title='bbox 1557 1167 1925 1234; x_wconf 88' lang='lat' dir='ltr'><strong>supradictum</strong></span> <span class='ocrx_word' id='word_1_93' title='bbox 1968 1172 2066 1229; x_wconf 91' lang='lat' dir='ltr'><strong>est,</strong></span> <span class='ocrx_word' id='word_1_94' title='bbox 2113 1166 2217 1217; x_wconf 88' lang='lat' dir='ltr'><strong>sol-</strong></span> 
     </span>
     <span class='ocr_line' id='line_1_12' title="bbox 286 1239 2218 1307; baseline -0.001 -17"><span class='ocrx_word' id='word_1_95' title='bbox 286 1241 454 1291; x_wconf 88' lang='lat' dir='ltr'><strong>lemni</strong></span> <span class='ocrx_word' id='word_1_96' title='bbox 502 1241 857 1307; x_wconf 89' lang='lat' dir='ltr'><strong>processione,</strong></span> <span class='ocrx_word' id='word_1_97' title='bbox 909 1240 1118 1291; x_wconf 91' lang='lat' dir='ltr'><strong>loculus</strong></span> <span class='ocrx_word' id='word_1_98' title='bbox 1169 1239 1469 1307; x_wconf 80' lang='lat' dir='ltr'><strong>incorrupti</strong></span> <span class='ocrx_word' id='word_1_99' title='bbox 1519 1239 1752 1306; x_wconf 90' lang='lat' dir='ltr'><strong>corporis</strong></span> <span class='ocrx_word' id='word_1_100' title='bbox 1795 1239 2060 1289; x_wconf 90' lang='lat' dir='ltr'><strong>sullimius</strong></span> <span class='ocrx_word' id='word_1_101' title='bbox 2098 1245 2218 1305; x_wconf 90' lang='lat' dir='ltr'><strong>post</strong></span> 
     </span>
     <span class='ocr_line' id='line_1_13' title="bbox 287 1310 2218 1380; baseline -0.002 -17"><span class='ocrx_word' id='word_1_102' title='bbox 287 1313 455 1363; x_wconf 90' lang='lat' dir='ltr'><strong>altare</strong></span> <span class='ocrx_word' id='word_1_103' title='bbox 483 1313 769 1363; x_wconf 90' lang='lat' dir='ltr'><strong>elevandus</strong></span> <span class='ocrx_word' id='word_1_104' title='bbox 796 1312 973 1363; x_wconf 83' lang='lat' dir='ltr'><strong>fuerat</strong></span> <span class='ocrx_word' id='word_1_105' title='bbox 1001 1330 1160 1380; x_wconf 89' lang='lat' dir='ltr'><strong>super</strong></span> <span class='ocrx_word' id='word_1_106' title='bbox 1183 1312 1434 1379; x_wconf 85' lang='lat' dir='ltr'><strong>lapidem,</strong></span> <span class='ocrx_word' id='word_1_107' title='bbox 1479 1330 1637 1379; x_wconf 91' lang='lat' dir='ltr'><strong>quem</strong></span> <span class='ocrx_word' id='word_1_108' title='bbox 1674 1311 1848 1378; x_wconf 89' lang='lat' dir='ltr'><strong>gratia</strong></span> <span class='ocrx_word' id='word_1_109' title='bbox 1873 1311 2014 1362; x_wconf 90' lang='lat' dir='ltr'><strong>tanti</strong></span> <span class='ocrx_word' id='word_1_110' title='bbox 2040 1310 2218 1361; x_wconf 90' lang='lat' dir='ltr'><strong>oneris</strong></span> 
     </span>
     <span class='ocr_line' id='line_1_14' title="bbox 286 1384 2216 1452; baseline -0.001 -17"><span class='ocrx_word' id='word_1_111' title='bbox 286 1384 605 1447; x_wconf 89' lang='lat' dir='ltr'><strong>sustinendi,</strong></span> <span class='ocrx_word' id='word_1_112' title='bbox 648 1385 937 1452; x_wconf 83' lang='lat' dir='ltr'><strong>diligenter</strong></span> <span class='ocrx_word' id='word_1_113' title='bbox 974 1403 1141 1435; x_wconf 89' lang='lat' dir='ltr'><strong>manu</strong></span> <span class='ocrx_word' id='word_1_114' title='bbox 1182 1384 1448 1435; x_wconf 89' lang='lat' dir='ltr'><strong>artificum</strong></span> <span class='ocrx_word' id='word_1_115' title='bbox 1489 1390 1866 1451; x_wconf 73' lang='lat' dir='ltr'><strong>praeparatum,</strong></span> <span class='ocrx_word' id='word_1_116' title='bbox 1902 1401 2094 1434; x_wconf 87' lang='lat' dir='ltr'><strong>novem</strong></span> <span class='ocrx_word' id='word_1_117' title='bbox 2120 1400 2216 1449; x_wconf 91' lang='lat' dir='ltr'><strong>pro</strong></span> 
     </span>
     <span class='ocr_line' id='line_1_15' title="bbox 285 1455 2217 1524; baseline -0.001 -17"><span class='ocrx_word' id='word_1_118' title='bbox 285 1457 368 1507; x_wconf 90' lang='lat' dir='ltr'><strong>sui</strong></span> <span class='ocrx_word' id='word_1_119' title='bbox 396 1457 769 1524; x_wconf 86' lang='lat' dir='ltr'><strong>magnitudine</strong></span> <span class='ocrx_word' id='word_1_120' title='bbox 806 1457 966 1508; x_wconf 89' lang='lat' dir='ltr'><strong>altius</strong></span> <span class='ocrx_word' id='word_1_121' title='bbox 1008 1475 1038 1507; x_wconf 92' lang='lat' dir='ltr'><strong>a</strong></span> <span class='ocrx_word' id='word_1_122' title='bbox 1078 1463 1223 1508; x_wconf 90' lang='lat' dir='ltr'><strong>terra</strong></span> <span class='ocrx_word' id='word_1_123' title='bbox 1257 1462 1565 1507; x_wconf 87' lang='lat' dir='ltr'><strong>sustentant</strong></span> <span class='ocrx_word' id='word_1_124' title='bbox 1601 1456 1879 1507; x_wconf 72' lang='lat' dir='ltr'><strong>columnae.</strong></span> <span class='ocrx_word' id='word_1_125' title='bbox 1956 1455 2217 1506; x_wconf 86' lang='lat' dir='ltr'><strong>Ascendit</strong></span> 
     </span>
     <span class='ocr_line' id='line_1_16' title="bbox 285 1528 2216 1597; baseline -0.001 -18"><span class='ocrx_word' id='word_1_126' title='bbox 285 1547 412 1596; x_wconf 89' lang='lat' dir='ltr'><strong>ergo</strong></span> <span class='ocrx_word' id='word_1_127' title='bbox 437 1529 670 1597; x_wconf 90' lang='lat' dir='ltr'><strong>lapidem</strong></span> <span class='ocrx_word' id='word_1_128' title='bbox 698 1535 1194 1596; x_wconf 79' lang='lat' dir='ltr'><strong>saepe-memoratus</strong></span> <span class='ocrx_word' id='word_1_129' title='bbox 1217 1528 1388 1591; x_wconf 89' lang='lat' dir='ltr'><strong>Prior,</strong></span> <span class='ocrx_word' id='word_1_130' title='bbox 1420 1529 1532 1592; x_wconf 84' lang='lat' dir='ltr'><strong>ubi,</strong></span> <span class='ocrx_word' id='word_1_131' title='bbox 1571 1546 1695 1579; x_wconf 89' lang='lat' dir='ltr'><strong>cum</strong></span> <span class='ocrx_word' id='word_1_132' title='bbox 1722 1528 1788 1579; x_wconf 90' lang='lat' dir='ltr'><strong>ad</strong></span> <span class='ocrx_word' id='word_1_133' title='bbox 1816 1528 2216 1595; x_wconf 90' lang='lat' dir='ltr'><strong>suscipiendum</strong></span> 
     </span>
     <span class='ocr_line' id='line_1_17' title="bbox 284 1600 2212 1669; baseline -0.001 -18"><span class='ocrx_word' id='word_1_134' title='bbox 284 1620 314 1651; x_wconf 93' lang='lat' dir='ltr'><strong>a</strong></span> <span class='ocrx_word' id='word_1_135' title='bbox 340 1602 680 1667; x_wconf 87' lang='lat' dir='ltr'><strong>portantibus</strong></span> <span class='ocrx_word' id='word_1_136' title='bbox 708 1620 898 1669; x_wconf 90' lang='lat' dir='ltr'><strong>corpus</strong></span> <span class='ocrx_word' id='word_1_137' title='bbox 924 1602 1191 1668; x_wconf 86' lang='lat' dir='ltr'><strong>indigeret</strong></span> <span class='ocrx_word' id='word_1_138' title='bbox 1219 1601 1504 1669; x_wconf 85' lang='lat' dir='ltr'><strong>adjutorio,</strong></span> <span class='ocrx_word' id='word_1_139' title='bbox 1541 1618 1827 1651; x_wconf 88' lang='lat' dir='ltr'><strong>conversus</strong></span> <span class='ocrx_word' id='word_1_140' title='bbox 1855 1601 1922 1651; x_wconf 88' lang='lat' dir='ltr'><strong>ad</strong></span> <span class='ocrx_word' id='word_1_141' title='bbox 1949 1600 2212 1651; x_wconf 88' lang='lat' dir='ltr'><strong>abbatem.</strong></span> 
     </span>
     <span class='ocr_line' id='line_1_18' title="bbox 285 1672 2214 1742; baseline -0.001 -18"><span class='ocrx_word' id='word_1_142' title='bbox 285 1674 627 1736; x_wconf 79' lang='lat' dir='ltr'><strong>“Domine,”</strong></span> <span class='ocrx_word' id='word_1_143' title='bbox 680 1674 876 1742; x_wconf 90' lang='lat' dir='ltr'><strong>inquit,</strong></span> <span class='ocrx_word' id='word_1_144' title='bbox 933 1674 1171 1737; x_wconf 79' lang='lat' dir='ltr'><strong>“abbaS,</strong></span> <span class='ocrx_word' id='word_1_145' title='bbox 1235 1673 1460 1724; x_wconf 88' lang='lat' dir='ltr'><strong>ascende</strong></span> <span class='ocrx_word' id='word_1_146' title='bbox 1513 1673 1671 1723; x_wconf 90' lang='lat' dir='ltr'><strong>citius</strong></span> <span class='ocrx_word' id='word_1_147' title='bbox 1723 1679 1776 1724; x_wconf 91' lang='lat' dir='ltr'><strong>et</strong></span> <span class='ocrx_word' id='word_1_148' title='bbox 1828 1673 2022 1740; x_wconf 84' lang='lat' dir='ltr'><strong>adjuva</strong></span> <span class='ocrx_word' id='word_1_149' title='bbox 2070 1672 2214 1722; x_wconf 75' lang='lat' dir='ltr'><strong>me.’&#39;</strong></span> 
     </span>
     <span class='ocr_line' id='line_1_19' title="bbox 281 1744 2214 1811; baseline -0.001 -15"><span class='ocrx_word' id='word_1_150' title='bbox 281 1746 544 1796; x_wconf 87' lang='lat' dir='ltr'><strong>Ascendit</strong></span> <span class='ocrx_word' id='word_1_151' title='bbox 594 1746 704 1809; x_wconf 94' lang='lat' dir='ltr'><strong>ille,</strong></span> <span class='ocrx_word' id='word_1_152' title='bbox 751 1753 822 1809; x_wconf 91' lang='lat' dir='ltr'><strong>et,</strong></span> <span class='ocrx_word' id='word_1_153' title='bbox 868 1745 1069 1797; x_wconf 89' lang='lat' dir='ltr'><strong>oblitus</strong></span> <span class='ocrx_word' id='word_1_154' title='bbox 1113 1745 1462 1809; x_wconf 86' lang='lat' dir='ltr'><strong>infirmitatis,</strong></span> <span class='ocrx_word' id='word_1_155' title='bbox 1505 1745 1720 1796; x_wconf 87' lang='lat' dir='ltr'><strong>thecam</strong></span> <span class='ocrx_word' id='word_1_156' title='bbox 1762 1745 1935 1795; x_wconf 90' lang='lat' dir='ltr'><strong>sancti</strong></span> <span class='ocrx_word' id='word_1_157' title='bbox 1980 1744 2214 1811; x_wconf 89' lang='lat' dir='ltr'><strong>corporis</strong></span> 
     </span>
     <span class='ocr_line' id='line_1_20' title="bbox 282 1816 2214 1884; baseline 0 -17"><span class='ocrx_word' id='word_1_158' title='bbox 282 1818 621 1884; x_wconf 88' lang='lat' dir='ltr'><strong>suscipiendo</strong></span> <span class='ocrx_word' id='word_1_159' title='bbox 671 1824 724 1869; x_wconf 92' lang='lat' dir='ltr'><strong>et</strong></span> <span class='ocrx_word' id='word_1_160' title='bbox 779 1818 1117 1869; x_wconf 90' lang='lat' dir='ltr'><strong>recondendo</strong></span> <span class='ocrx_word' id='word_1_161' title='bbox 1178 1817 1496 1884; x_wconf 88' lang='lat' dir='ltr'><strong>contingens</strong></span> <span class='ocrx_word' id='word_1_162' title='bbox 1559 1823 1869 1884; x_wconf 82' lang='lat' dir='ltr'><strong>cooperator</strong></span> <span class='ocrx_word' id='word_1_163' title='bbox 1930 1816 2214 1867; x_wconf 88' lang='lat' dir='ltr'><strong>insistebat</strong></span> 
     </span>
     <span class='ocr_line' id='line_1_21' title="bbox 281 1889 2212 1956; baseline -0.001 -16"><span class='ocrx_word' id='word_1_164' title='bbox 281 1890 570 1941; x_wconf 90' lang='lat' dir='ltr'><strong>studiosus.</strong></span> <span class='ocrx_word' id='word_1_165' title='bbox 651 1890 832 1943; x_wconf 73' lang='lat' dir='ltr'><strong>Quam</strong></span> <span class='ocrx_word' id='word_1_166' title='bbox 867 1908 990 1942; x_wconf 91' lang='lat' dir='ltr'><strong>cum</strong></span> <span class='ocrx_word' id='word_1_167' title='bbox 1031 1907 1127 1940; x_wconf 91' lang='lat' dir='ltr'><strong>suo</strong></span> <span class='ocrx_word' id='word_1_168' title='bbox 1162 1890 1220 1939; x_wconf 91' lang='lat' dir='ltr'><strong>in</strong></span> <span class='ocrx_word' id='word_1_169' title='bbox 1255 1890 1374 1941; x_wconf 92' lang='lat' dir='ltr'><strong>loco</strong></span> <span class='ocrx_word' id='word_1_170' title='bbox 1413 1889 1799 1956; x_wconf 84' lang='lat' dir='ltr'><strong>reposuissent,</strong></span> <span class='ocrx_word' id='word_1_171' title='bbox 1835 1895 1967 1939; x_wconf 90' lang='lat' dir='ltr'><strong>tunc</strong></span> <span class='ocrx_word' id='word_1_172' title='bbox 1994 1889 2212 1939; x_wconf 90' lang='lat' dir='ltr'><strong>demum</strong></span> 
     </span>
     <span class='ocr_line' id='line_1_22' title="bbox 281 1960 2213 2013; baseline -0.001 0"><span class='ocrx_word' id='word_1_173' title='bbox 281 1962 348 2013; x_wconf 89' lang='lat' dir='ltr'><strong>ad</strong></span> <span class='ocrx_word' id='word_1_174' title='bbox 373 1962 688 2013; x_wconf 90' lang='lat' dir='ltr'><strong>memoriam</strong></span> <span class='ocrx_word' id='word_1_175' title='bbox 713 1962 873 2013; x_wconf 90' lang='lat' dir='ltr'><strong>rediit</strong></span> <span class='ocrx_word' id='word_1_176' title='bbox 908 1980 1099 2013; x_wconf 91' lang='lat' dir='ltr'><strong>manus</strong></span> <span class='ocrx_word' id='word_1_177' title='bbox 1135 1962 1378 2012; x_wconf 89' lang='lat' dir='ltr'><strong>infirma:</strong></span> <span class='ocrx_word' id='word_1_178' title='bbox 1422 1962 1515 2012; x_wconf 89' lang='lat' dir='ltr'><strong>sed</strong></span> <span class='ocrx_word' id='word_1_179' title='bbox 1540 1962 1679 2012; x_wconf 90' lang='lat' dir='ltr'><strong>hanc</strong></span> <span class='ocrx_word' id='word_1_180' title='bbox 1705 1961 1782 2011; x_wconf 91' lang='lat' dir='ltr'><strong>ita</strong></span> <span class='ocrx_word' id='word_1_181' title='bbox 1808 1962 2018 2011; x_wconf 89' lang='lat' dir='ltr'><strong>firmam</strong></span> <span class='ocrx_word' id='word_1_182' title='bbox 2045 1960 2213 2012; x_wconf 91' lang='lat' dir='ltr'><strong>sensit</strong></span> 
     </span>
     <span class='ocr_line' id='line_1_23' title="bbox 281 2032 2213 2101; baseline -0.001 -17"><span class='ocrx_word' id='word_1_183' title='bbox 281 2052 341 2085; x_wconf 92' lang='lat' dir='ltr'><strong>ac</strong></span> <span class='ocrx_word' id='word_1_184' title='bbox 369 2034 414 2084; x_wconf 89' lang='lat' dir='ltr'><strong>si</strong></span> <span class='ocrx_word' id='word_1_185' title='bbox 439 2034 495 2084; x_wconf 91' lang='lat' dir='ltr'><strong>in</strong></span> <span class='ocrx_word' id='word_1_186' title='bbox 522 2034 616 2085; x_wconf 89' lang='lat' dir='ltr'><strong>illa</strong></span> <span class='ocrx_word' id='word_1_187' title='bbox 642 2034 778 2084; x_wconf 90' lang='lat' dir='ltr'><strong>nihil</strong></span> <span class='ocrx_word' id='word_1_188' title='bbox 812 2052 1053 2101; x_wconf 89' lang='lat' dir='ltr'><strong>unquam</strong></span> <span class='ocrx_word' id='word_1_189' title='bbox 1083 2034 1343 2084; x_wconf 87' lang='lat' dir='ltr'><strong>molestiae</strong></span> <span class='ocrx_word' id='word_1_190' title='bbox 1379 2033 1695 2100; x_wconf 80' lang='lat' dir='ltr'><strong>pertulerit3</strong></span> <span class='ocrx_word' id='word_1_191' title='bbox 1735 2033 2047 2100; x_wconf 85' lang='lat' dir='ltr'><strong>factumque</strong></span> <span class='ocrx_word' id='word_1_192' title='bbox 2073 2032 2129 2083; x_wconf 88' lang='lat' dir='ltr'><strong>in</strong></span> <span class='ocrx_word' id='word_1_193' title='bbox 2158 2051 2213 2083; x_wconf 93' lang='lat' dir='ltr'><strong>se</strong></span> 
     </span>
     <span class='ocr_line' id='line_1_24' title="bbox 277 2106 2211 2173; baseline -0.001 -17"><span class='ocrx_word' id='word_1_194' title='bbox 277 2106 602 2157; x_wconf 89' lang='lat' dir='ltr'><strong>miraculum</strong></span> <span class='ocrx_word' id='word_1_195' title='bbox 628 2106 773 2157; x_wconf 88' lang='lat' dir='ltr'><strong>facili</strong></span> <span class='ocrx_word' id='word_1_196' title='bbox 802 2106 1095 2173; x_wconf 89' lang='lat' dir='ltr'><strong>digitorum</strong></span> <span class='ocrx_word' id='word_1_197' title='bbox 1130 2106 1432 2169; x_wconf 86' lang='lat' dir='ltr'><strong>inflexione,</strong></span> <span class='ocrx_word' id='word_1_198' title='bbox 1476 2123 1636 2172; x_wconf 90' lang='lat' dir='ltr'><strong>quam</strong></span> <span class='ocrx_word' id='word_1_199' title='bbox 1673 2110 1798 2156; x_wconf 91' lang='lat' dir='ltr'><strong>ante</strong></span> <span class='ocrx_word' id='word_1_200' title='bbox 1833 2123 1944 2156; x_wconf 90' lang='lat' dir='ltr'><strong>non</strong></span> <span class='ocrx_word' id='word_1_201' title='bbox 1981 2110 2211 2172; x_wconf 87' lang='lat' dir='ltr'><strong>poterat,</strong></span> 
     </span>
     <span class='ocr_line' id='line_1_25' title="bbox 277 2176 2211 2246; baseline -0.001 -18"><span class='ocrx_word' id='word_1_202' title='bbox 277 2184 394 2229; x_wconf 87' lang='lat' dir='ltr'><strong>tota</strong></span> <span class='ocrx_word' id='word_1_203' title='bbox 428 2179 514 2229; x_wconf 88' lang='lat' dir='ltr'><strong>die</strong></span> <span class='ocrx_word' id='word_1_204' title='bbox 540 2179 796 2246; x_wconf 84' lang='lat' dir='ltr'><strong>jactando</strong></span> <span class='ocrx_word' id='word_1_205' title='bbox 827 2178 1060 2245; x_wconf 88' lang='lat' dir='ltr'><strong>pandere</strong></span> <span class='ocrx_word' id='word_1_206' title='bbox 1095 2196 1206 2229; x_wconf 91' lang='lat' dir='ltr'><strong>non</strong></span> <span class='ocrx_word' id='word_1_207' title='bbox 1241 2177 1483 2229; x_wconf 87' lang='lat' dir='ltr'><strong>cessavit.</strong></span> <span class='ocrx_word' id='word_1_208' title='bbox 1564 2177 1687 2229; x_wconf 72' lang='lat' dir='ltr'><strong>Quo</strong></span> <span class='ocrx_word' id='word_1_209' title='bbox 1713 2177 1859 2228; x_wconf 90' lang='lat' dir='ltr'><strong>facto</strong></span> <span class='ocrx_word' id='word_1_210' title='bbox 1885 2177 1942 2227; x_wconf 92' lang='lat' dir='ltr'><strong>in</strong></span> <span class='ocrx_word' id='word_1_211' title='bbox 1969 2195 2024 2227; x_wconf 90' lang='lat' dir='ltr'><strong>se</strong></span> <span class='ocrx_word' id='word_1_212' title='bbox 2050 2176 2211 2227; x_wconf 91' lang='lat' dir='ltr'><strong>bene-</strong></span> 
     </span>
     <span class='ocr_line' id='line_1_26' title="bbox 276 2248 2213 2313; baseline -0.001 -12"><span class='ocrx_word' id='word_1_213' title='bbox 276 2250 416 2312; x_wconf 93' lang='lat' dir='ltr'><strong>ficio,</strong></span> <span class='ocrx_word' id='word_1_214' title='bbox 464 2251 530 2301; x_wconf 88' lang='lat' dir='ltr'><strong>ad</strong></span> <span class='ocrx_word' id='word_1_215' title='bbox 574 2250 906 2302; x_wconf 91' lang='lat' dir='ltr'><strong>laudandum</strong></span> <span class='ocrx_word' id='word_1_216' title='bbox 951 2251 1148 2313; x_wconf 91' lang='lat' dir='ltr'><strong>Deum,</strong></span> <span class='ocrx_word' id='word_1_217' title='bbox 1190 2256 1244 2301; x_wconf 88' lang='lat' dir='ltr'><strong>et</strong></span> <span class='ocrx_word' id='word_1_218' title='bbox 1290 2249 1353 2301; x_wconf 92' lang='lat' dir='ltr'><strong>ad</strong></span> <span class='ocrx_word' id='word_1_219' title='bbox 1393 2249 1696 2300; x_wconf 85' lang='lat' dir='ltr'><strong>mirandam</strong></span> <span class='ocrx_word' id='word_1_220' title='bbox 1732 2249 1879 2300; x_wconf 84' lang='lat' dir='ltr'><strong>beati</strong></span> <span class='ocrx_word' id='word_1_221' title='bbox 1924 2248 2213 2300; x_wconf 88' lang='lat' dir='ltr'><strong>Cuthberti</strong></span> 
     </span>
     <span class='ocr_line' id='line_1_27' title="bbox 277 2322 2209 2388; baseline -0.001 -16"><span class='ocrx_word' id='word_1_222' title='bbox 277 2322 621 2374; x_wconf 88' lang='lat' dir='ltr'><strong>sanctitatem</strong></span> <span class='ocrx_word' id='word_1_223' title='bbox 666 2323 964 2373; x_wconf 89' lang='lat' dir='ltr'><strong>multorum</strong></span> <span class='ocrx_word' id='word_1_224' title='bbox 1010 2323 1218 2373; x_wconf 90' lang='lat' dir='ltr'><strong>animos</strong></span> <span class='ocrx_word' id='word_1_225' title='bbox 1269 2322 1490 2373; x_wconf 89' lang='lat' dir='ltr'><strong>sustulit</strong></span> <span class='ocrx_word' id='word_1_226' title='bbox 1508 2343 1522 2383; x_wconf 67' lang='grc' dir='ltr'><strong><em>ς</em></strong></span> <span class='ocrx_word' id='word_1_227' title='bbox 1576 2322 1902 2388; x_wconf 87' lang='lat' dir='ltr'><strong>domumque</strong></span> <span class='ocrx_word' id='word_1_228' title='bbox 1953 2339 2209 2384; x_wconf 89' lang='lat' dir='ltr'><strong>reversus,</strong></span> 
     </span>
     <span class='ocr_line' id='line_1_28' title="bbox 278 2393 2209 2456; baseline -0.002 -10"><span class='ocrx_word' id='word_1_229' title='bbox 278 2394 537 2446; x_wconf 90' lang='lat' dir='ltr'><strong>continuo</strong></span> <span class='ocrx_word' id='word_1_230' title='bbox 578 2395 636 2445; x_wconf 91' lang='lat' dir='ltr'><strong>in</strong></span> <span class='ocrx_word' id='word_1_231' title='bbox 686 2395 947 2446; x_wconf 88' lang='lat' dir='ltr'><strong>honorem</strong></span> <span class='ocrx_word' id='word_1_232' title='bbox 993 2394 1165 2445; x_wconf 88' lang='lat' dir='ltr'><strong>sancti</strong></span> <span class='ocrx_word' id='word_1_233' title='bbox 1217 2394 1550 2446; x_wconf 88' lang='lat' dir='ltr'><strong>Confessoris</strong></span> <span class='ocrx_word' id='word_1_234' title='bbox 1601 2393 1835 2445; x_wconf 89' lang='lat' dir='ltr'><strong>oratorio</strong></span> <span class='ocrx_word' id='word_1_235' title='bbox 1880 2399 2209 2456; x_wconf 90' lang='lat' dir='ltr'><strong>constructo,</strong></span> 
     </span>
     <span class='ocr_line' id='line_1_29' title="bbox 275 2465 2210 2535; baseline -0.001 -18"><span class='ocrx_word' id='word_1_236' title='bbox 275 2472 430 2518; x_wconf 89' lang='lat' dir='ltr'><strong>tanto</strong></span> <span class='ocrx_word' id='word_1_237' title='bbox 466 2485 590 2518; x_wconf 89' lang='lat' dir='ltr'><strong>eum</strong></span> <span class='ocrx_word' id='word_1_238' title='bbox 629 2467 871 2518; x_wconf 90' lang='lat' dir='ltr'><strong>devotius</strong></span> <span class='ocrx_word' id='word_1_239' title='bbox 912 2466 1158 2535; x_wconf 89' lang='lat' dir='ltr'><strong>deinceps</strong></span> <span class='ocrx_word' id='word_1_240' title='bbox 1198 2466 1449 2530; x_wconf 86' lang='lat' dir='ltr'><strong>excoluit,</strong></span> <span class='ocrx_word' id='word_1_241' title='bbox 1490 2471 1694 2534; x_wconf 90' lang='lat' dir='ltr'><strong>quanto</strong></span> <span class='ocrx_word' id='word_1_242' title='bbox 1731 2465 1878 2517; x_wconf 91' lang='lat' dir='ltr'><strong>illius</strong></span> <span class='ocrx_word' id='word_1_243' title='bbox 1917 2483 2074 2533; x_wconf 90' lang='lat' dir='ltr'><strong>opem</strong></span> <span class='ocrx_word' id='word_1_244' title='bbox 2109 2465 2210 2516; x_wconf 90' lang='lat' dir='ltr'><strong>sibi</strong></span> 
     </span>
     <span class='ocr_line' id='line_1_30' title="bbox 277 2538 928 2591; baseline -0.003 0"><span class='ocrx_word' id='word_1_245' title='bbox 277 2538 503 2591; x_wconf 89' lang='lat' dir='ltr'><strong>celerius</strong></span> <span class='ocrx_word' id='word_1_246' title='bbox 529 2539 712 2591; x_wconf 90' lang='lat' dir='ltr'><strong>adesse</strong></span> <span class='ocrx_word' id='word_1_247' title='bbox 740 2538 928 2590; x_wconf 90' lang='lat' dir='ltr'><strong>sensit.</strong></span> 
     </span>
    </p>
   </div>
   <div class='ocr_carea' id='block_1_3' title="bbox 1189 2734 1314 2785">
    <p class='ocr_par' dir='ltr' id='par_1_3' title="bbox 1189 2734 1314 2785">
     <span class='ocr_line' id='line_1_31' title="bbox 1189 2734 1314 2785; baseline 0 0"><span class='ocrx_word' id='word_1_248' title='bbox 1189 2734 1314 2785; x_wconf 92' lang='lat' dir='ltr'><strong>XX.</strong></span> 
     </span>
    </p>
   </div>
   <div class='ocr_carea' id='block_1_4' title="bbox 283 2816 2211 2987">
    <p class='ocr_par' dir='ltr' id='par_1_4' title="bbox 283 2816 2211 2987">
     <span class='ocr_line' id='line_1_32' title="bbox 283 2816 2211 2913; baseline 0.003 -15"><span class='ocrx_word' id='word_1_249' title='bbox 283 2848 545 2907; x_wconf 81' lang='lat' dir='ltr'><strong>Quomodo</strong></span> <span class='ocrx_word' id='word_1_250' title='bbox 585 2847 799 2913; x_wconf 78' lang='lat' dir='ltr'><strong>quidam</strong></span> <span class='ocrx_word' id='word_1_251' title='bbox 825 2864 930 2912; x_wconf 76' lang='lat' dir='ltr'><strong>pro</strong></span> <span class='ocrx_word' id='word_1_252' title='bbox 955 2846 1111 2912; x_wconf 80' lang='lat' dir='ltr'><strong>furto</strong></span> <span class='ocrx_word' id='word_1_253' title='bbox 1138 2846 1228 2913; x_wconf 73' lang='lat' dir='ltr'><strong>fili</strong></span> <span class='ocrx_word' id='word_1_254' title='bbox 1269 2847 1435 2899; x_wconf 78' lang='lat' dir='ltr'><strong>ablati</strong></span> <span class='ocrx_word' id='word_1_255' title='bbox 1475 2849 1537 2899; x_wconf 84' lang='lat' dir='ltr'><strong>de</strong></span> <span class='ocrx_word' id='word_1_256' title='bbox 1576 2850 1741 2901; x_wconf 81' lang='lat' dir='ltr'><strong>loculo</strong></span> <span class='ocrx_word' id='word_1_257' title='bbox 1788 2850 1985 2901; x_wconf 76' lang='lat' dir='ltr'><strong>codicis</strong></span> <span class='ocrx_word' id='word_1_258' title='bbox 2025 2816 2211 2903; x_wconf 61' lang='lat' dir='ltr'><strong>Sancti</strong></span> 
     </span>
     <span class='ocr_line' id='line_1_33' title="bbox 491 2919 1989 2987; baseline 0.003 -19"><span class='ocrx_word' id='word_1_259' title='bbox 491 2919 761 2970; x_wconf 69' lang='lat' dir='ltr'><strong>Cuthberti</strong></span> <span class='ocrx_word' id='word_1_260' title='bbox 785 2919 856 2970; x_wconf 74' lang='lat' dir='ltr'><strong>sit</strong></span> <span class='ocrx_word' id='word_1_261' title='bbox 872 2920 1096 2984; x_wconf 72' lang='lat' dir='ltr'><strong>punitus</strong></span> <span class='ocrx_word' id='word_1_262' title='bbox 1123 2937 1187 2970; x_wconf 84' lang='lat' dir='ltr'><strong>ac</strong></span> <span class='ocrx_word' id='word_1_263' title='bbox 1201 2926 1392 2985; x_wconf 76' lang='lat' dir='ltr'><strong>postea</strong></span> <span class='ocrx_word' id='word_1_264' title='bbox 1407 2921 1668 2986; x_wconf 74' lang='lat' dir='ltr'><strong>poem&#39;tens</strong></span> <span class='ocrx_word' id='word_1_265' title='bbox 1692 2928 1989 2987; x_wconf 76' lang='lat' dir='ltr'><strong>reparatus,</strong></span> 
     </span>
    </p>
   </div>
   <div class='ocr_carea' id='block_1_5' title="bbox 277 3046 2210 3550">
    <p class='ocr_par' dir='ltr' id='par_1_5' title="bbox 277 3046 2210 3550">
     <span class='ocr_line' id='line_1_34' title="bbox 388 3046 2210 3116; baseline 0.002 -18"><span class='ocrx_word' id='word_1_266' title='bbox 388 3047 616 3114; x_wconf 90' lang='lat' dir='ltr'><strong>Legitur</strong></span> <span class='ocrx_word' id='word_1_267' title='bbox 640 3046 699 3096; x_wconf 93' lang='lat' dir='ltr'><strong>in</strong></span> <span class='ocrx_word' id='word_1_268' title='bbox 724 3046 856 3097; x_wconf 88' lang='lat' dir='ltr'><strong>Vita</strong></span> <span class='ocrx_word' id='word_1_269' title='bbox 880 3046 1026 3098; x_wconf 91' lang='lat' dir='ltr'><strong>beati</strong></span> <span class='ocrx_word' id='word_1_270' title='bbox 1053 3047 1369 3098; x_wconf 70' lang='lat' dir='ltr'><strong>Cuthberti-²1</strong></span> <span class='ocrx_word' id='word_1_271' title='bbox 1396 3048 1539 3114; x_wconf 89' lang='lat' dir='ltr'><strong>quod</strong></span> <span class='ocrx_word' id='word_1_272' title='bbox 1565 3048 1870 3099; x_wconf 90' lang='lat' dir='ltr'><strong>adolescens</strong></span> <span class='ocrx_word' id='word_1_273' title='bbox 1896 3048 2009 3116; x_wconf 89' lang='lat' dir='ltr'><strong>ipse</strong></span> <span class='ocrx_word' id='word_1_274' title='bbox 2037 3050 2210 3102; x_wconf 91' lang='lat' dir='ltr'><strong>adhuc</strong></span> 
     </span>
     <span class='ocr_line' id='line_1_35' title="bbox 277 3118 2209 3188; baseline 0.001 -17"><span class='ocrx_word' id='word_1_275' title='bbox 277 3120 337 3171; x_wconf 91' lang='lat' dir='ltr'><strong>in</strong></span> <span class='ocrx_word' id='word_1_276' title='bbox 362 3118 706 3180; x_wconf 88' lang='lat' dir='ltr'><strong>monasterio,</strong></span> <span class='ocrx_word' id='word_1_277' title='bbox 736 3135 860 3169; x_wconf 90' lang='lat' dir='ltr'><strong>cum</strong></span> <span class='ocrx_word' id='word_1_278' title='bbox 885 3118 1029 3169; x_wconf 89' lang='lat' dir='ltr'><strong>beati</strong></span> <span class='ocrx_word' id='word_1_279' title='bbox 1064 3119 1273 3186; x_wconf 88' lang='lat' dir='ltr'><strong>Boysili</strong></span> <span class='ocrx_word' id='word_1_280' title='bbox 1313 3119 1470 3170; x_wconf 90' lang='lat' dir='ltr'><strong>dictis</strong></span> <span class='ocrx_word' id='word_1_281' title='bbox 1507 3119 1706 3186; x_wconf 90' lang='lat' dir='ltr'><strong>pariter</strong></span> <span class='ocrx_word' id='word_1_282' title='bbox 1740 3126 1793 3171; x_wconf 90' lang='lat' dir='ltr'><strong>et</strong></span> <span class='ocrx_word' id='word_1_283' title='bbox 1821 3121 2078 3188; x_wconf 86' lang='lat' dir='ltr'><strong>exemplis</strong></span> <span class='ocrx_word' id='word_1_284' title='bbox 2105 3123 2209 3173; x_wconf 91' lang='lat' dir='ltr'><strong>Dei</strong></span> 
     </span>
     <span class='ocr_line' id='line_1_36' title="bbox 279 3190 2207 3259; baseline 0.001 -16"><span class='ocrx_word' id='word_1_285' title='bbox 279 3191 494 3243; x_wconf 88' lang='lat' dir='ltr'><strong>servitio</strong></span> <span class='ocrx_word' id='word_1_286' title='bbox 520 3190 919 3253; x_wconf 87' lang='lat' dir='ltr'><strong>informaretur,</strong></span> <span class='ocrx_word' id='word_1_287' title='bbox 949 3190 1014 3240; x_wconf 90' lang='lat' dir='ltr'><strong>ab</strong></span> <span class='ocrx_word' id='word_1_288' title='bbox 1035 3190 1223 3241; x_wconf 92' lang='lat' dir='ltr'><strong>eodem</strong></span> <span class='ocrx_word' id='word_1_289' title='bbox 1251 3196 1547 3257; x_wconf 86' lang='lat' dir='ltr'><strong>aegrotante</strong></span> <span class='ocrx_word' id='word_1_290' title='bbox 1568 3197 1621 3242; x_wconf 91' lang='lat' dir='ltr'><strong>et</strong></span> <span class='ocrx_word' id='word_1_291' title='bbox 1642 3191 1756 3259; x_wconf 86' lang='lat' dir='ltr'><strong>jam</strong></span> <span class='ocrx_word' id='word_1_292' title='bbox 1778 3192 1998 3259; x_wconf 86' lang='lat' dir='ltr'><strong>jamque</strong></span> <span class='ocrx_word' id='word_1_293' title='bbox 2026 3212 2207 3246; x_wconf 92' lang='lat' dir='ltr'><strong>ascen-</strong></span> 
     </span>
     <span class='ocr_line' id='line_1_37' title="bbox 278 3262 2208 3332; baseline 0.001 -17"><span class='ocrx_word' id='word_1_294' title='bbox 278 3282 403 3315; x_wconf 91' lang='lat' dir='ltr'><strong>suro</strong></span> <span class='ocrx_word' id='word_1_295' title='bbox 445 3262 678 3314; x_wconf 78' lang='lat' dir='ltr'><strong>caelestia</strong></span> <span class='ocrx_word' id='word_1_296' title='bbox 721 3262 1078 3329; x_wconf 86' lang='lat' dir='ltr'><strong>Evangelium</strong></span> <span class='ocrx_word' id='word_1_297' title='bbox 1124 3263 1312 3313; x_wconf 85' lang='lat' dir='ltr'><strong>Sancti</strong></span> <span class='ocrx_word' id='word_1_298' title='bbox 1353 3264 1387 3313; x_wconf 88' lang='lat' dir='ltr'><strong>J</strong></span> <span class='ocrx_word' id='word_1_299' title='bbox 1391 3262 1618 3314; x_wconf 88' lang='lat' dir='ltr'><strong>ohannis</strong></span> <span class='ocrx_word' id='word_1_300' title='bbox 1663 3263 1926 3327; x_wconf 90' lang='lat' dir='ltr'><strong>didicerit,</strong></span> <span class='ocrx_word' id='word_1_301' title='bbox 1971 3267 2112 3332; x_wconf 88' lang='lat' dir='ltr'><strong>quod</strong></span> <span class='ocrx_word' id='word_1_302' title='bbox 2150 3267 2208 3317; x_wconf 94' lang='lat' dir='ltr'><strong>in</strong></span> 
     </span>
     <span class='ocr_line' id='line_1_38' title="bbox 279 3334 2209 3405; baseline 0.001 -18"><span class='ocrx_word' id='word_1_303' title='bbox 279 3336 460 3387; x_wconf 92' lang='lat' dir='ltr'><strong>codice</strong></span> <span class='ocrx_word' id='word_1_304' title='bbox 486 3340 691 3402; x_wconf 90' lang='lat' dir='ltr'><strong>septem</strong></span> <span class='ocrx_word' id='word_1_305' title='bbox 719 3334 1133 3401; x_wconf 89' lang='lat' dir='ltr'><strong>quaternionum</strong></span> <span class='ocrx_word' id='word_1_306' title='bbox 1168 3340 1372 3401; x_wconf 89' lang='lat' dir='ltr'><strong>septem</strong></span> <span class='ocrx_word' id='word_1_307' title='bbox 1409 3334 1595 3386; x_wconf 88' lang='lat' dir='ltr'><strong>diebus</strong></span> <span class='ocrx_word' id='word_1_308' title='bbox 1630 3334 1859 3387; x_wconf 89' lang='lat' dir='ltr'><strong>invicem</strong></span> <span class='ocrx_word' id='word_1_309' title='bbox 1894 3337 2209 3405; x_wconf 90' lang='lat' dir='ltr'><strong>simpliciter</strong></span> 
     </span>
     <span class='ocr_line' id='line_1_39' title="bbox 278 3405 2205 3475; baseline 0.001 -15"><span class='ocrx_word' id='word_1_310' title='bbox 278 3408 600 3460; x_wconf 89' lang='lat' dir='ltr'><strong>conferendo</strong></span> <span class='ocrx_word' id='word_1_311' title='bbox 621 3405 981 3472; x_wconf 87' lang='lat' dir='ltr'><strong>compleverit.</strong></span> <span class='ocrx_word' id='word_1_312' title='bbox 1062 3407 1227 3457; x_wconf 91' lang='lat' dir='ltr'><strong>Hunc</strong></span> <span class='ocrx_word' id='word_1_313' title='bbox 1247 3406 1503 3469; x_wconf 91' lang='lat' dir='ltr'><strong>codicem,</strong></span> <span class='ocrx_word' id='word_1_314' title='bbox 1533 3425 1656 3458; x_wconf 91' lang='lat' dir='ltr'><strong>cum</strong></span> <span class='ocrx_word' id='word_1_315' title='bbox 1675 3426 1772 3475; x_wconf 90' lang='lat' dir='ltr'><strong>pro</strong></span> <span class='ocrx_word' id='word_1_316' title='bbox 1792 3409 1985 3460; x_wconf 90' lang='lat' dir='ltr'><strong>merito</strong></span> <span class='ocrx_word' id='word_1_317' title='bbox 2005 3410 2205 3461; x_wconf 88' lang='lat' dir='ltr'><strong>utrius-</strong></span> 
     </span>
     <span class='ocr_line' id='line_1_40' title="bbox 277 3477 2206 3550; baseline 0.001 -19"><span class='ocrx_word' id='word_1_318' title='bbox 277 3499 396 3550; x_wconf 89' lang='lat' dir='ltr'><strong>que,</strong></span> <span class='ocrx_word' id='word_1_319' title='bbox 425 3479 673 3532; x_wconf 88' lang='lat' dir='ltr'><strong>videlicet</strong></span> <span class='ocrx_word' id='word_1_320' title='bbox 699 3477 942 3529; x_wconf 89' lang='lat' dir='ltr'><strong>docentis</strong></span> <span class='ocrx_word' id='word_1_321' title='bbox 977 3483 1031 3529; x_wconf 93' lang='lat' dir='ltr'><strong>et</strong></span> <span class='ocrx_word' id='word_1_322' title='bbox 1059 3478 1333 3541; x_wconf 77' lang='lat' dir='ltr'><strong>discentiS,</strong></span> <span class='ocrx_word' id='word_1_323' title='bbox 1375 3479 1562 3546; x_wconf 78' lang='lat' dir='ltr'><strong>priscae</strong></span> <span class='ocrx_word' id='word_1_324' title='bbox 1590 3480 1763 3532; x_wconf 90' lang='lat' dir='ltr'><strong>adhuc</strong></span> <span class='ocrx_word' id='word_1_325' title='bbox 1797 3481 2051 3533; x_wconf 86' lang='lat' dir='ltr'><strong>novitatis</strong></span> <span class='ocrx_word' id='word_1_326' title='bbox 2078 3483 2206 3534; x_wconf 89' lang='lat' dir='ltr'><strong>reti-</strong></span> 
     </span>
    </p>
   </div>
   <div class='ocr_carea' id='block_1_6' title="bbox 845 3624 1639 3734">
    <p class='ocr_par' dir='ltr' id='par_1_6' title="bbox 845 3624 1639 3734">
     <span class='ocr_line' id='line_1_41' title="bbox 848 3624 1252 3666; baseline 0.002 -1"><span class='ocrx_word' id='word_1_327' title='bbox 848 3633 867 3650; x_wconf 60' lang='lat'><em>*</em></span> <span class='ocrx_word' id='word_1_328' title='bbox 897 3625 938 3666; x_wconf 82' lang='lat' dir='ltr'><strong>S.</strong></span> <span class='ocrx_word' id='word_1_329' title='bbox 961 3624 1090 3665; x_wconf 83' lang='lat' dir='ltr'><strong>Mark</strong></span> <span class='ocrx_word' id='word_1_330' title='bbox 1109 3624 1165 3666; x_wconf 86' lang='lat' dir='ltr'><strong>ix.</strong></span> <span class='ocrx_word' id='word_1_331' title='bbox 1187 3629 1252 3666; x_wconf 83' lang='lat'><strong>23.</strong></span> 
     </span>
     <span class='ocr_line' id='line_1_42' title="bbox 845 3679 1639 3734; baseline 0.004 -13"><span class='ocrx_word' id='word_1_332' title='bbox 845 3688 866 3713; x_wconf 66' lang='lat' dir='ltr'><em>y</em></span> <span class='ocrx_word' id='word_1_333' title='bbox 896 3680 973 3722; x_wconf 83' lang='lat' dir='ltr'><strong>See</strong></span> <span class='ocrx_word' id='word_1_334' title='bbox 994 3680 1067 3721; x_wconf 86' lang='lat' dir='ltr'><strong>the</strong></span> <span class='ocrx_word' id='word_1_335' title='bbox 1088 3679 1182 3721; x_wconf 82' lang='lat' dir='ltr'><strong>Life</strong></span> <span class='ocrx_word' id='word_1_336' title='bbox 1203 3681 1258 3733; x_wconf 71' lang='lat' dir='ltr'><strong>by</strong></span> <span class='ocrx_word' id='word_1_337' title='bbox 1280 3680 1409 3733; x_wconf 82' lang='lat' dir='ltr'><strong>Beda,</strong></span> <span class='ocrx_word' id='word_1_338' title='bbox 1442 3695 1529 3734; x_wconf 79' lang='lat' dir='ltr'><strong>cap.</strong></span> <span class='ocrx_word' id='word_1_339' title='bbox 1552 3682 1639 3724; x_wconf 85' lang='lat' dir='ltr'><strong>viii.</strong></span> 
     </span>
    </p>
   </div>
  </div>
 </body>
</html>
