2384 4126
711 368 838 402 VITA
877 369 916 401 s,
961 366 1304 400 MARGARETAE
1344 367 1578 400 REGINAE.
1994 352 2100 402 247

162 495 382 560 justitia
410 493 518 558 ejus
544 499 716 545 manet
741 495 795 545 in
815 495 1055 545 soeculum
1080 490 1305 543 soeculz's
1373 491 1508 543 Quis
1531 497 1711 541 autem
1739 491 2101 541 enumerando

177 566 439 632 explicare
464 565 660 632 poterit
687 571 816 632 quot
843 571 896 615 et
924 571 1150 632 quantos
1177 564 1301 613 dato
1328 563 1498 630 pretio
1525 562 1760 613 libertati
1786 562 2100 624 restituerit,

177 654 309 703 quos
351 637 415 687 de
461 643 621 703 gente
664 637 962 703 Anglorum
1009 636 1277 686 abducens
1323 635 1557 701 captivos
1598 634 1850 684 violentia
1893 634 2101 684 hostilis

174 709 451 775 redegerat
495 708 552 758 in
593 709 809 759 servos?
884 709 1030 758 Nam
1070 713 1123 758 et
1164 706 1402 757 occultos
1453 706 1811 773 exploratores
1864 723 2099 772 quaqua-

175 798 385 830 versum
425 798 518 847 per
567 780 865 846 provincias
919 781 1227 830 Scottorum
1277 778 1512 840 miserat,
1565 783 1643 839 ut,
1696 777 1958 839 videlicet,
2011 777 2103 843 qui

177 852 505 918 captivorum
532 852 734 902 duriori
760 857 1131 918 premerentur
1156 850 1430 911 servitute,
1458 857 1519 900 et·
1536 849 1884 899 inhumanius
1905 855 2100 899 tracta-

177 929 378 986 rentur,
420 923 616 990 ubique
656 923 1042 990 perquirerent,
1082 922 1235 989 eique
1277 921 1562 984 subtiliter,
1603 921 1713 983 ubi,
1754 927 1807 971 et
1844 939 1873 970 a
1909 920 2103 987 quibus

179 996 555 1062 affligerentur,
595 995 998 1045 renuntiarent:
1054 994 1254 1044 talibus
1299 993 1415 1060 ipsa
1458 1011 1521 1044 ex
1565 992 1771 1043 intimis
1812 992 2102 1042 visceribus

177 1068 523 1133 compatiens,
579 1067 821 1118 celeriter
871 1066 1168 1129 subvenire,
1225 1071 1278 1116 et
1328 1065 1630 1132 redemptos
1682 1065 1746 1115 ad
1796 1064 2102 1115 libertatem

173 1139 445 1189 festinavit
475 1156 745 1189 renovare.

287 1211 410 1262 Quo
445 1217 684 1277 tempore
714 1210 771 1260 in
806 1228 972 1276 regno
1010 1211 1320 1260 Scottorum
1350 1209 1587 1276 plurimi,
1624 1226 1719 1275 per
1753 1208 1961 1258 diversa
1985 1208 2104 1259 loca

180 1283 437 1349 separatis
480 1282 675 1333 inclusi
720 1282 946 1344 cellulis,
992 1300 1086 1349 per
1129 1300 1381 1348 magnam
1427 1282 1550 1331 vitae
1593 1280 2004 1341 districtionem,
2046 1280 2103 1330 in

179 1372 354 1417 carne,
372 1373 482 1404 non
499 1355 792 1405 secundum
813 1372 1045 1415 carnem,
1062 1353 1311 1404 vivebant
1332 1375 1341 1404 :
1370 1353 1688 1419 Angelicam
1706 1352 1848 1402 enim
1868 1352 1926 1401 in
1945 1351 2102 1402 terris

178 1427 635 1477 conversationem
680 1426 963 1476 ducebant.
1060 1426 1128 1476 In
1169 1425 1253 1475 his
1296 1425 1484 1491 regina
1526 1424 1804 1475 Christum
1845 1423 2102 1486 venerari,

178 1498 416 1564 diligere,
470 1516 672 1564 suoque
724 1497 959 1548 crebrius
1007 1497 1241 1547 adventu
1291 1503 1344 1547 et
1390 1497 1624 1562 alloquio
1664 1496 1898 1557 visitare,
1942 1501 2103 1561 atque

177 1570 394 1620 illorum
435 1588 489 1620 se
523 1569 768 1637 precibus
812 1568 1088 1635 satagebat
1125 1568 1514 1619 commendare.
1593 1569 1664 1618 Et
1701 1586 1823 1617 cum
1857 1585 1968 1617 non
2002 1567 2102 1616 im-

179 1648 387 1708 petrare
414 1648 611 1708 posset,
650 1647 708 1691 ut
736 1641 801 1691 ab
830 1658 892 1691 ea
917 1646 1192 1691 terrenum
1220 1640 1420 1706 aliquid
1440 1639 1640 1689 vellent
1668 1639 1923 1705 accipere,
1956 1645 2103 1705 pete-

177 1714 270 1764 bat
297 1714 576 1775 obnoxius,
618 1719 677 1762 ut
705 1713 754 1763 ei
781 1712 980 1778 aliquid
1007 1712 1361 1778 eleemosynae
1387 1712 1471 1761 vel
1497 1710 1876 1761 misericordiae
1902 1710 2101 1760 facien-

178 1786 309 1835 dum
359 1786 711 1851 dignarentur
761 1784 1060 1850 praecipere.
1171 1784 1289 1833 Nec
1339 1800 1518 1833 mora:
1583 1782 1838 1849 quicquid
1888 1782 2105 1832 illorum

175 1858 466 1908 voluntatis
513 1863 627 1907 erat
667 1856 858 1906 devota
897 1854 1156 1922 implevit,
1202 1855 1285 1905 vel
1327 1872 1581 1921 pauperes
1624 1854 1690 1904 ab
1732 1859 1970 1920 egestate
2020 1872 2102 1905 re-

177 1930 422 1991 creando,
455 1929 538 1979 vel
574 1945 809 1995 quosque
837 1927 1060 1977 afflictos
1090 1945 1120 1977 a
1146 1926 1375 1977 miseriis
1405 1926 1596 1993 quibus
1626 1926 1861 1992 oppressi
1888 1926 2104 1976 fuerant

173 2001 473 2052 relevando.
539 2001 611 2050 Et
639 2000 893 2066 quoniam
922 1999 1109 2049 Sancti
1136 1998 1368 2049 Andreae
1396 1998 1677 2049 ecclesiam
1705 1997 2104 2048 advenientium

173 2073 409 2140 undique
435 2072 756 2139 populorum
780 2071 1032 2137 religiosa
1062 2070 1372 2137 frequentat
1408 2070 1637 2131 devotio,
1679 2088 1839 2137 super
1875 2076 2104 2136 utraque

174 2145 358 2195 littora
396 2145 573 2206 maris,
618 2143 759 2210 quod
801 2142 1130 2193 Lodoneiam
1171 2142 1359 2192 dividit
1403 2148 1456 2192 et
1500 2142 1756 2203 Scotiam,
1799 2141 2105 2192 habitacula

177 2222 577 2277 construxerat,
620 2222 696 2277 ut,
733 2221 853 2281 post
896 2214 1135 2264 laborem
1172 2213 1398 2275 itineris,
1435 2213 1703 2280 peregrini
1745 2230 1805 2263 ac
1847 2231 2105 2279 pauperes

173 2288 304 2339 illuc
329 2287 624 2355 requieturi
649 2287 913 2337 divertere
940 2292 1185 2352 posscnt3
1227 2285 1407 2351 ibique
1441 2285 1639 2347 omnia,
1684 2303 1802 2351 quae
1829 2285 2103 2335 reficiendi

175 2360 407 2427 corporis
458 2359 744 2410 necessitas
795 2363 1119 2424 exposceret,
1172 2363 1359 2423 parata
1400 2356 1720 2408 invenirent.
1824 2356 2101 2423 Siquidem

177 2432 453 2482 ministros
480 2431 545 2481 ad
572 2431 673 2480 hoc
700 2430 874 2480 solum
900 2429 1099 2479 ibidem
1127 2428 1497 2490 constituerat,
1540 2436 1600 2478 ut
1632 2446 1856 2495 quaeque
1884 2428 2098 2478 adveni-

177 2504 391 2555 entibus
430 2502 730 2554 necessaria
761 2501 992 2551 fuissent
1018 2506 1205 2568 parata
1231 2518 1439 2566 semper
1464 2500 1742 2561 haberent,
1771 2500 1951 2566 eisque
1978 2517 2102 2550 cum

175 2594 373 2642 magna
410 2574 768 2625 sollicitudine
806 2573 1190 2623 ministrarent.
1272 2572 1482 2624 Quibus
1511 2572 1673 2622 etiam
1699 2590 1859 2622 naves
1886 2572 2098 2638 delega-

174 2654 339 2710 verat,
367 2653 429 2697 ut
455 2652 643 2698 euntes
671 2651 724 2696 et
750 2645 1034 2696 redeuntes
1062 2644 1433 2705 transferrent,
1462 2662 1562 2694 nec
1591 2643 1807 2710 aliquod
1828 2650 2097 2694 transvec-

173 2720 336 2770 tionis
383 2736 493 2770 suae
536 2717 771 2785 pretium
816 2716 881 2767 ab
925 2716 1008 2766 his
1062 2716 1154 2783 qui
1197 2715 1554 2767 transferendi
1599 2715 1814 2766 fuerant
1858 2733 2097 2783 unquam

179 2792 470 2859 exigerent.

1100 2941 1169 2991 X.

180 3060 417 3119 Qualiter
443 3063 563 3109 ante
588 3056 919 3108 Dominicum
945 3054 1142 3104 Natale
1169 3058 1218 3104 et
1244 3053 1300 3103 in
1333 3052 1750 3118 Quadrayesima
1781 3052 1943 3103 vitam
1976 3069 2094 3102 con-

902 3126 1128 3177 sueverit
1155 3126 1356 3175 ducere.

282 3245 391 3294 oDe
427 3241 745 3293 venerabilis
784 3240 984 3306 reginae
1024 3238 1337 3306 quotidiana
1367 3237 1784 3299 conversatione,
1826 3236 1889 3287 de
1922 3236 2094 3303 quoti-

179 3316 349 3367 dianis
372 3316 485 3382 ejus
510 3311 886 3364 misericordiae
907 3311 1153 3378 operibus
1182 3309 1359 3376 aliqua
1379 3310 1493 3376 jam
1519 3309 1629 3359 dixi
1644 3329 1658 3369 3
1697 3326 1840 3358 nunc
1867 3308 2098 3374 qualiter

179 3394 301 3439 ante
334 3385 677 3437 Dominicum
705 3383 904 3434 Natale
931 3382 1286 3449 quadraginta
1320 3381 1449 3443 dies,
1483 3387 1536 3431 et
1573 3386 1749 3430 totum
1783 3380 2092 3445 Quadrage-

176 3460 322 3510 simae
365 3465 575 3524 tempus
628 3456 785 3506 solita
833 3454 996 3504 fuerit
1049 3454 1258 3514 ducere,
1304 3453 1535 3503 breviter
1574 3451 1849 3517 temptabo
1900 3450 2091 3501 dicere.

177 3533 316 3583 Cum
340 3528 601 3597 principio
628 3526 799 3577 noctis
827 3526 1106 3592 paululum
1131 3524 1498 3592 requievisset,
1532 3523 1810 3573 ecclesiam
1836 3522 2094 3587 ingressa,

583 3663 608 3695 f
632 3667 658 3703 2
679 3662 774 3703 Cor.
795 3662 850 3703 ix,
871 3665 910 3703 9.
1351 3668 1374 3692 g
1402 3659 1443 3700 A
1462 3660 1538 3700 red
1556 3659 1690 3705 letter,
