2384 4126
291 310 362 359 44
906 328 1177 362 sYME0N1s
1217 328 1607 361 DUNELMENSIS

294 452 558 503 exercitus
584 453 926 520 Paganorum
950 454 1099 505 venit
1138 472 1259 505 cum
1297 434 1552 506 trecentis
1580 452 1972 520 quinquaginta
1995 452 2220 504 navibus

292 523 351 574 in
392 525 589 576 ostium
631 526 908 577 Tamensis
941 526 1195 577 fluminis.
1274 527 1384 579 Qui
1424 525 1834 588 Doroberniam,
1869 525 1925 575 id
1961 531 2041 576 est
2076 526 2217 576 Can-

292 597 590 648 tuariorum
619 598 908 660 civitatem,
938 598 1244 666 depopulati
1271 605 1412 661 sunt,
1442 605 1495 649 et
1522 597 1867 649 Berhtulfum
1888 597 2219 648 Merciorum

290 686 474 736 regem
502 687 625 720 cum
651 670 798 720 omni
832 670 1069 721 exercitu
1103 689 1216 734 suo,
1261 671 1350 738 qui
1391 671 1455 721 ad
1492 670 1842 738 praeliandum
1879 676 2066 720 contra
2098 669 2219 721 illos

292 748 529 804 venerat,
556 742 614 792 in
638 742 821 808 fugam
848 748 1141 794 verterunt.
1220 743 1350 793 Post
1377 743 1489 793 haee
1517 742 1824 793 audaciores
1851 742 1996 793 Dani
2024 741 2219 803 effecti,

294 813 559 865 exercitus
594 814 768 865 omnis
808 814 1047 881 ipsorum
1089 814 1156 865 ad
1198 815 1454 881 Suhtrige
1495 821 1574 865 est
1611 820 1983 881 congregatus.
2063 814 2223 865 Quod

293 885 515 937 audiens
541 885 861 953 bellipotens
889 887 1207 938 Ethelwlfus
1233 905 1326 938 rex
1354 888 1644 949 Saxonum,
1668 886 2010 953 congregavit
2032 892 2085 937 et
2111 886 2223 953 ipse

293 958 588 1009 exercitum
625 959 914 1025 copiosum,
958 964 1011 1009 et
1045 958 1187 1009 filius
1229 977 1355 1009 suus
1390 959 1745 1010 Ethelbaldus
1782 977 1904 1009 cum
1933 977 1994 1009 eo
2019 960 2076 1008 in
2102 959 2222 1009 1000

295 1030 385 1097 qui
428 1030 622 1080 dicitur
659 1030 837 1093 Aclea,
878 1030 934 1080 id
971 1036 1068 1093 est,
1110 1030 1168 1080 in
1204 1031 1407 1098 Campo
1444 1031 1705 1082 Quercus.
1784 1031 2028 1097 Cumque
2062 1031 2222 1082 decus

291 1102 611 1169 Angligenae
639 1102 814 1168 gentis
851 1102 1012 1152 armis
1047 1102 1440 1168 splendesceret
1474 1102 1877 1164 resultantibus,
1922 1103 2221 1154 diutissime

290 1183 666 1241 pugnaverunt
691 1174 857 1240 Angli
884 1192 1005 1224 oum
1044 1174 1233 1236 Danis,
1276 1174 1489 1225 fortiter
1528 1181 1888 1241 repugnantes
1924 1175 2048 1241 quia
2071 1175 2216 1227 vide-

290 1252 418 1296 runt
463 1246 715 1296 atrociter
758 1263 941 1313 regem
985 1246 1186 1297 bellare
1226 1246 1481 1313 ipsorum,
1527 1246 1647 1297 ideo
1687 1246 1934 1297 fortiores
1974 1247 2219 1298 hostibus

290 1317 421 1369 facti
448 1323 574 1368 sunt
599 1318 657 1367 in
684 1317 841 1369 bello.
921 1318 1166 1385 Cumque
1194 1318 1494 1369 diutissime
1520 1318 1747 1369 viriliter
1773 1318 2128 1381 decertarent,
2166 1327 2219 1370 et

291 1390 548 1441 acerrime
577 1390 919 1457 animoseque
947 1408 1010 1441 ex
1035 1397 1261 1458 utraque
1287 1397 1438 1458 parte
1464 1396 1764 1458 pugnatum
1792 1396 1947 1453 esset,
1985 1392 2219 1443 maxima

287 1481 409 1530 pars
437 1463 667 1529 Paganae
702 1463 1066 1513 multitudinis
1100 1463 1344 1513 funditus
1380 1463 1557 1514 deleta
1598 1468 1757 1530 atque
1799 1463 1972 1514 occisa
2006 1469 2103 1527 est,
2140 1465 2218 1515 ita

289 1541 351 1586 ut
378 1553 654 1601 nunquam
681 1534 739 1584 in
775 1535 953 1602 aliqua
991 1535 1210 1603 regione
1250 1536 1308 1585 in
1354 1554 1459 1586 una
1501 1535 1586 1587 die
1629 1541 1752 1586 ante
1788 1553 1887 1586 nec
1921 1541 2041 1602 post
2075 1536 2216 1587 tanti

289 1607 659 1658 occubuerunt
710 1607 767 1657 in
816 1613 1006 1659 morte.
1111 1608 1406 1658 Christiani
1457 1625 1581 1658 vero
1631 1607 1746 1674 ipso
1804 1607 1888 1658 die
1938 1608 2213 1659 victoriam

286 1680 577 1731 honorifice
604 1686 912 1743 tenuerunt,
956 1686 1010 1731 et
1035 1680 1153 1731 1000
1178 1680 1383 1731 funeris
1418 1680 1680 1730 dominati
1707 1686 1850 1743 sunt,
1895 1686 2070 1747 grates
2096 1681 2214 1732 red-

289 1753 476 1804 dentes
503 1752 738 1803 Domino
764 1752 821 1802 in
848 1752 1065 1821 hymnis
1092 1759 1145 1804 et
1172 1751 1638 1804 confessionibusst

1133 1926 1368 1960 DCCCLII.

397 2009 560 2059 Anno
603 2008 904 2060 Dominicae
947 2008 1332 2060 incarnationis
1374 2008 1586 2077 noce.lij
1632 2009 1985 2061 Ethelstanus
2029 2028 2120 2061 rex
2167 2016 2220 2061 et

287 2079 534 2132 Alcherei
575 2099 751 2132 comes
795 2099 1051 2148 magnum
1092 2082 1434 2148 Paganorum
1476 2081 1769 2132 exercitum
1805 2082 2124 2133 invenerunt
2160 2084 2215 2133 in

290 2153 484 2205 Cantia
533 2153 592 2203 in
640 2154 759 2204 1000
810 2153 902 2220 qui
953 2153 1149 2204 dicitur
1198 2154 1570 2216 Et-Sandwic,
1624 2172 1783 2221 quem
1833 2154 2052 2217 ibidem,
2098 2156 2216 2207 Deo

290 2225 550 2276 auxilium
590 2226 933 2288 concedente,
976 2244 1138 2293 prope
1180 2226 1509 2288 occiderunt,
1557 2233 1609 2277 et
1655 2245 1718 2277 ex
1762 2227 1986 2277 navibus
2032 2245 2216 2280 eorum

286 2316 479 2349 novem
505 2305 799 2366 rapuerunt
820 2320 829 2349 :
860 2298 1039 2349 caeteri
1065 2317 1158 2366 per
1183 2299 1367 2366 fugam
1393 2304 1596 2350 terrore
1622 2299 1851 2366 perculsi
1881 2299 2154 2366 fugerunt,

1119 2470 1381 2504 DCC-CLIII.

397 2552 559 2602 Anno
587 2551 887 2603 Dominicae
913 2551 1299 2603 incarnationis
1326 2552 1583 2620 Dcco.liij,
1611 2552 1908 2604 nativitatis
1935 2553 2140 2605 Elfredi
2165 2572 2215 2618 v,

289 2622 557 2674 Burhredj
582 2624 914 2674 Merciorum
934 2642 1028 2675 rex
1047 2643 1141 2691 per
1160 2625 1386 2675 nuncios
1407 2625 1720 2692 deprecatus
1748 2632 1827 2677 est
1848 2626 2215 2688 Ethelwlfum,

291 2695 722 2746 Occidentalium
765 2697 1039 2746 Saxonum
1078 2715 1278 2763 regem,
1312 2704 1373 2747 ut
1409 2697 1458 2748 ei
1494 2697 1752 2747 auxilium
1788 2698 2069 2760 conferret,
2111 2717 2216 2765 quo

290 2767 707 2818 mediterraneos
734 2768 1028 2830 Brittones,
1058 2769 1149 2835 qui
1169 2769 1311 2819 inter
1336 2769 1599 2820 Merciam
1628 2775 1679 2820 et
1707 2787 1853 2820 mare
1886 2770 2216 2822 occidentale

288 2839 625 2902 habitabant,
668 2839 905 2890 dominio
944 2858 1039 2891 suo
1078 2840 1304 2891 subdere
1343 2848 1540 2908 posset,
1587 2842 1676 2907 qui
1719 2847 1904 2891 contra
1945 2859 2068 2892 011111
2108 2842 2213 2893 fre-

290 2918 516 2978 quent-er
565 2912 985 2963 reluctabantur.
1077 2913 1191 2963 Rex
1229 2919 1409 2963 autem
1453 2913 1724 2975 Ethelwlf,
1781 2913 2050 2980 legatione
2102 2915 2217 2981 ejus

290 2990 523 3051 accepta,
562 2983 855 3035 exercitum
890 2984 1074 3048 movit,
1111 2984 1399 3052 stipendiak
1437 2984 1727 3047 distribuit,
1775 3003 1896 3036 011111
1937 2987 2218 3038 Burhredo

288 3074 415 3123 rege
458 3055 759 3122 intrepidus
812 3056 878 3106 ad
926 3056 1131 3107 bellum
1183 3056 1327 3108 exiit.
1405 3057 1539 3107 Mox
1584 3065 1644 3107 ut
1694 3057 1966 3124 ingressus
2018 3066 2098 3110 est
2151 3059 2217 3110 ad

290 3134 507 3194 gentem
556 3128 705 3178 illam
756 3128 1153 3191 devastandam,
1207 3129 1363 3195 cepit,
1425 3129 1637 3191 occidit,
1692 3130 2036 3197 subdiditque
2098 3131 2215 3198 regi

289 3200 589 3263 Burhredo,
619 3200 710 3266 qui
737 3200 936 3267 gratias
964 3218 1126 3267 agens
1154 3201 1357 3252 dimisit
1385 3220 1503 3252 eum
1536 3219 1657 3252 cum
1687 3203 1883 3269 gaudio
1911 3204 1976 3253 ad
2004 3204 2216 3270 propria

287 3290 541 3323 remeare.
590 3331 592 3333 v
621 3272 827 3323 Eodem
864 3290 1003 3323 anno
1044 3273 1363 3324 Ethelwlfus
1397 3292 1490 3325 rex
1526 3274 1695 3324 filium
1731 3294 1886 3325 suum
1914 3276 2213 3338 Elfredum,

287 3362 410 3395 cum
461 3362 657 3412 magno
708 3344 971 3395 nobilium
1012 3345 1248 3395 militum
1295 3346 1508 3412 agmine
1554 3346 1935 3413 constipatum,
1982 3348 2214 3398 Romam

370 3477 387 3502 ἢ
419 3478 521 3519 This
541 3478 701 3519 section
720 3477 755 3518 is
776 3478 884 3518 from
905 3477 1047 3519 Asser.
1705 3512 1708 3515 .

365 3533 373 3558 ¹'
403 3533 543 3583 Ass-er,
564 3534 672 3574 from
691 3534 831 3574 whom
850 3534 937 3574 this
957 3534 1116 3574 section
1136 3533 1171 3574 is
1191 3534 1275 3574 also
1297 3535 1439 3580 taken,
1463 3534 1604 3575 writes
1624 3535 1697 3574 the
1717 3547 1841 3576 name
1861 3535 2058 3577 Ealhere.

360 3589 376 3622 Ι
405 3589 507 3629 This
527 3589 764 3641 paragraph
784 3589 819 3628 is
840 3589 946 3629 from
969 3589 1110 3638 Asser,
1131 3590 1224 3630 who
1245 3590 1386 3631 writes
1405 3590 1492 3629 this
1514 3603 1636 3631 name
1659 3590 1869 3643 Burgred.

367 3644 384 3668 ¹²
423 3646 497 3684 Vel
514 3647 653 3697 spolia
674 3644 914 3685 interlined.
