2384 4126
816 417 851 449 H
861 417 1073 449 isromA
1113 417 1320 450 REGUM.
1988 409 2021 457 3

114 548 273 593 antur
298 542 597 593 bonitatum
625 541 866 608 speculis.
946 541 1088 593 Quia
1113 559 1239 608 ergo
1273 541 1536 608 plantaria
1569 542 1829 594 virtutum
1863 552 2017 597 natu-

112 614 295 664 raliter
322 614 396 664 eis
421 613 582 663 insita
607 630 700 679 pro
725 619 909 663 nostra
934 612 1225 679 capacitate
1255 613 1664 679 praelibavimus,
1703 633 1847 666 nunc
1873 616 2020 668 brevi

110 685 400 735 notationis
428 685 561 735 serie
589 684 806 750 aggredi
831 690 1172 750 temptamus,
1214 684 1441 750 qualiter
1476 685 1540 735 ad
1575 685 1769 752 gaudia
1794 687 2019 739 caelestis

109 757 293 823 patriae
319 774 411 823 per
438 774 685 806 coronam
712 756 956 823 martyrii
981 761 1252 806 vocantur.

218 828 393 894 Igitur
418 828 655 894 utrisque
682 845 864 878 eorum
891 827 1200 894 parentibus
1236 827 1301 877 ab
1337 826 1497 894 hujus
1522 827 1644 878 vitae
1678 828 1893 880 miseria
1927 830 2017 882 de-

109 899 421 950 cedentibus
456 917 578 950 cum
610 899 783 949 adhuc
811 898 1062 966 juvenilis
1096 898 1396 964 potirentur
1430 898 1800 951 imbecillitate
1827 902 2016 965 aetatis,

107 971 411 1037 Ecgberhto
445 971 559 1037 regi
586 988 838 1037 germano
865 970 1180 1020 consobrino
1207 988 1302 1020 suo
1329 975 1453 1020 sunt
1479 970 1681 1033 traditi,
1711 972 1938 1038 qualiter
1965 981 2018 1024 et

108 1043 315 1093 solertis
340 1043 635 1109 prudentiae
662 1042 1014 1093 educarentur
1040 1041 1320 1103 exercitiis,
1343 1048 1396 1092 et
1422 1042 1670 1094 humanae
1689 1043 2017 1095 infirmitatis

108 1120 537 1165 sustentarentur
574 1114 792 1164 solatiis.
868 1113 1086 1163 Talibus
1111 1131 1234 1164 vero
1268 1113 1478 1180 piorum
1514 1115 1882 1166 conaminibus
1907 1134 2017 1167 non

107 1185 322 1236 defuere
347 1186 543 1252 iniquae
569 1203 772 1236 venena
791 1184 1150 1253 jaculationis,
1192 1203 1308 1251 quae
1348 1203 1554 1252 semper
1593 1186 1841 1237 adversus
1880 1188 2016 1239 filios

106 1257 210 1307 Dei
236 1275 328 1324 per
353 1258 489 1308 filios
524 1257 830 1308 diffidentiae
855 1256 977 1307 telis
1001 1256 1214 1306 invidiae
1249 1263 1500 1307 armatur.
1579 1258 1647 1307 In
1670 1259 1839 1324 regali
1863 1277 2014 1310 nam-

107 1346 209 1394 que
253 1329 450 1395 palatio
485 1331 630 1380 homo
677 1329 890 1395 quidam
920 1329 1131 1393 peccati
1167 1334 1219 1378 et
1251 1328 1401 1393 filius
1438 1328 1686 1379 inventus
1722 1336 1801 1380 est
1830 1332 2013 1396 perdi-

107 1400 306 1462 ίὶοηὶεβ
330 1401 629 1451 membrum
656 1400 852 1451 diaboli
877 1417 1085 1450 necnon
1112 1399 1300 1450 domus
1326 1399 1518 1462 zabuli,
1548 1401 1637 1467 qui
1664 1402 1842 1452 saeculi
1867 1403 2016 1453 vanis

104 1473 342 1523 tumidus
380 1473 604 1539 pompis,
642 1471 1113 1537 munificentiaque
1153 1471 1322 1537 regali
1358 1471 1656 1533 redimitus,
1711 1491 1804 1523 nee
1848 1475 2015 1525 Deum

50 1569 53 1572 ¹
106 1545 319 1595 timebat
355 1562 448 1595 nee
485 1545 737 1595 hominem
773 1544 1118 1594 reverebatur.
1197 1542 1304 1592 Hic
1337 1559 1457 1592 cum
1489 1544 1726 1611 principe
1762 1562 1883 1594 cum
1920 1563 2016 1612 pro

104 1615 269 1665 nimia
308 1615 596 1666 ambitione
637 1614 852 1665 honoris
890 1631 1047 1680 super
1084 1630 1268 1663 omnes
1302 1614 1536 1663 consiliis
1573 1614 1858 1678 frueretur,
1897 1622 2016 1666 tum

102 1704 198 1752 pro
223 1687 402 1737 faetido
436 1687 684 1737 humanae
714 1685 946 1735 levitatis
983 1685 1159 1735 favore
1189 1684 1246 1734 in
1272 1702 1466 1735 vanum
1493 1685 1797 1749 tollebatur,
1837 1688 2017 1738 Aman

104 1776 260 1825 super
286 1758 672 1809 Mardocheum
698 1756 978 1823 ignicomis
1005 1756 1290 1806 mortiferae
1315 1756 1611 1806 vexationis
1635 1757 1798 1807 furcis
1826 1758 2013 1809 stimu-

103 1829 331 1892 labatur,
370 1829 561 1896 quibus
601 1829 713 1896 ipse
747 1827 1087 1895 postmodum
1120 1827 1387 1894 insperate
1421 1827 1630 1878 vinctus
1672 1830 2015 1895 suspendere-

102 1907 207 1952 tur.
283 1901 592 1952 Vocabatur
631 1917 787 1967 porro
828 1899 1166 1950 convenienti
1200 1899 1301 1949 sibi
1334 1899 1551 1950 nomine
1592 1900 1831 1964 Thunur,
1875 1903 2017 1968 quod

104 1973 300 2024 Latina
332 1972 771 2039 interpretatione
811 1978 964 2022 sonat
1001 1970 1247 2021 tonitrus,
1326 1971 1501 2021 Furiis
1538 1989 1768 2039 namque
1804 1975 2014 2024 teterri-

104 2062 312 2096 morum
364 2045 642 2112 spirituum
701 2043 956 2094 morbidis
1010 2042 1375 2093 indesinenter
1423 2043 1731 2106 vexabatur,
1790 2062 2015 2111 quorum

103 2116 331 2167 horridis
364 2116 663 2184 fragoribus
696 2115 754 2165 in
793 2114 989 2165 inferni
1021 2120 1283 2164 tartarum
1319 2114 1733 2180 demergeretur.
1811 2117 1862 2166 V
1864 2117 2016 2168 idens

103 2206 229 2255 ergo
267 2189 445 2239 felices
485 2206 616 2255 quos
654 2186 1134 2254 supra-taxavimus
1177 2185 1352 2236 vivere
1395 2185 1641 2249 feliciter,
1682 2187 2015 2239 sordidarum

103 2261 343 2312 scabenti
369 2261 681 2327 deturpatus
707 2258 1117 2309 meditationum
1146 2257 1436 2323 prurigine,
1475 2257 1532 2307 in
1572 2275 1782 2309 coenoso
1820 2261 2015 2310 mentis

100 2333 275 2400 impiae
294 2332 572 2383 volutabro
593 2330 751 2397 coepit
778 2330 1028 2396 cogitare,
1052 2328 1243 2395 quibus
1270 2329 1708 2379 adinventionum
1733 2330 2014 2382 ruderibus

103 2422 192 2455 eos
236 2404 356 2455 neci
398 2409 575 2470 posset
618 2402 845 2452 tradere.
937 2399 1098 2450 Unde
1140 2399 1329 2450 canino
1371 2399 1531 2450 dente
1574 2400 1713 2467 apud
1755 2402 2013 2467 plurimos

104 2476 397 2526 aulicorum
436 2492 618 2526 eorum
655 2471 919 2539 praeconia
956 2471 1309 2538 praesumebat
1352 2471 1555 2534 rodere,
1595 2473 1912 2540 vecordique
1956 2475 2014 2524 in

103 2547 404 2614 calumpnia
428 2546 664 2613 ipsorum
690 2544 812 2594 duci
837 2543 967 2593 talia
991 2542 1241 2609 proferre.
1315 2543 1512 2605 “Cum,
1540 2560 1632 2594 rex
1660 2544 2010 2609 serenissime,

104 2625 321 2670 strenua
365 2623 561 2679 mente,
599 2615 780 2666 solerti
817 2632 989 2681 opere,
1029 2614 1342 2681 perspicacis
1381 2632 1566 2664 sensus
1603 2615 1914 2679 valitudine,
1953 2636 2013 2669 ac

102 2690 382 2757 vigorabili
407 2689 488 2739 tui
514 2693 820 2755 potentatus
846 2687 1015 2749 lance,
1051 2685 1350 2752 largissima
1375 2703 1661 2752 regnorum
1688 2694 1793 2737 tuae
1819 2690 2010 2756 majes-

101 2763 203 2813 tati
229 2760 618 2829 subjacentium
654 2758 956 2809 sinuamina
988 2757 1404 2824 prudentissimo
1431 2757 1699 2825 aequitatis
1726 2759 2009 2826 disponan-

100 2840 190 2884 tur
213 2832 512 2894 libramine,
540 2837 620 2882 est
654 2848 812 2897 quam
846 2829 1155 2896 pretiosum,
1194 2836 1256 2879 ut
1285 2847 1396 2879 non
1425 2835 1639 2879 tantum
1665 2830 1845 2881 stabili
1869 2849 2013 2883 nunc

100 2906 247 2972 virga
283 2904 435 2971 regni
470 2909 614 2954 recte
653 2902 974 2963 moderetur,
1015 2906 1386 2968 sceptrumque
1424 2901 1567 2951 orbis
1606 2907 1778 2952 status
1817 2903 2009 2969 guber-

99 2983 276 3039 netur,
329 2994 488 3043 quam
530 2973 888 3041 pulcherrime
936 2978 1044 3024 tuae
1087 2972 1365 3039 propagini
1409 2972 1695 3039 prospiciat
1744 2974 2011 3027 incolume

99 3049 243 3116 pacis
269 3048 446 3099 decus.
509 3045 637 3097 Non
665 3045 808 3096 enim
833 3050 1047 3095 tantum
1073 3044 1155 3094 tui
1182 3062 1308 3094 cura
1334 3043 1776 3095 sollicitationum
1802 3046 2011 3097 nebulis

101 3120 393 3187 agitareris,
432 3118 535 3169 nisi
564 3117 976 3168 clarissimorum
1001 3122 1108 3166 tuae
1134 3115 1411 3182 dignitatis
1438 3133 1867 3167 successurorum
1894 3136 2008 3185 spe-

100 3192 279 3243 ciebus
305 3198 552 3254 natorum
578 3188 792 3256 optimis
813 3187 1167 3239 delectareris,
1233 3187 1570 3254 Quapropter
1590 3205 1760 3254 operae
1779 3189 2008 3255 pretium

99 3264 360 3325 ducimus,
385 3268 448 3312 ut
474 3261 664 3312 semita
686 3259 1089 3326 tranquillitatis
1116 3259 1191 3309 eis
1216 3276 1466 3325 prospera
1489 3258 1798 3322 redimatur,
1827 3279 1930 3327 quo
1958 3268 2011 3312 et

98 3335 396 3402 respublica
420 3334 548 3400 ipsis
574 3349 879 3383 successura
903 3330 1053 3382 nullo
1079 3330 1353 3381 turbinum
1382 3330 1549 3381 fluctu
1575 3331 1863 3396 quatiatur,
1891 3332 2009 3382 nul-

98 3407 165 3458 lis
192 3406 571 3457 discordiarum
595 3403 881 3470 angoribus
900 3402 1194 3453 vacilletur.
1260 3402 1470 3452 Cuncta
1495 3401 1570 3452 eis
1590 3402 1743 3453 bonis
1764 3403 2011 3453 omnibus

101 3479 404 3541 exuberans
422 3476 651 3528 arrideat
676 3474 918 3538 felicitas,
939 3474 1140 3525 laetitiae
1159 3473 1387 3540 pleniter
1406 3473 1591 3523 inditis
1612 3474 2010 3540 perseverabilis

181 3642 200 3666 ’ἰ
230 3647 254 3683 2
286 3643 428 3683 Thess.
462 3641 504 3681 ii.
533 3644 584 3686 33
615 3639 675 3679 St.
705 3637 824 3678 John
848 3636 947 3676 xvii.
975 3639 1041 3676 12.
1100 3635 1190 3675 'rhe
1221 3647 1390 3686 passage
1425 3634 1555 3674 below
1589 3634 1624 3673 is
1657 3634 1765 3673 from
1796 3633 1857 3684 St.
1888 3633 2010 3675 Luke

101 3698 215 3739 xviii.
239 3702 277 3738 2.

1632 3759 1661 3790 B
1691 3746 1721 3791 2
