2384 4126
326 382 430 431 lOO
937 396 1206 431 8ΥΜΕοΝ18
1247 396 1637 430 DUNELMENSIS

325 528 359 551 “
380 524 556 591 ipsum
582 541 810 592 purgare
837 524 1129 576 secundum
1152 523 1417 593 judicium
1444 522 1765 591 pontificale.
1843 520 2053 572 Deinde
2074 520 2249 572 missis

326 599 362 624 “
381 595 881 659 intercurrentibuS,
922 596 1014 648 ille
1041 602 1394 664 parentesque
1429 596 1743 658 occisorum,
1784 611 1913 661 pace
1956 593 2252 644 adinvicem

328 668 511 719 “data
551 674 605 719 et
650 675 883 736 accepta,
923 669 1102 720 locum
1149 674 1202 720 et
1247 668 1389 720 diem
1432 686 1536 736 quo
1582 667 1865 720 convenire
1907 671 1960 717 et
2009 666 2154 716 inter
2197 682 2253 716 se

329 744 364 768 “
386 758 571 808 pacem
611 741 902 792 firmiorem
941 741 1116 792 facere
1156 747 1373 808 possent
1414 747 1667 791 statuere.
1752 740 1874 791 Quo
1917 737 2251 799 adveniente,

329 812 502 863 “loco
530 812 823 863 constituto
849 813 906 862 in
932 831 1102 863 unum
1129 830 1439 864 convenere.
1515 813 1722 863 Verum
1755 829 1877 862 cum
1911 810 2019 860 illis
2050 810 2250 877 episco-

331 888 365 911 “
385 902 485 952 pus
524 885 622 935 sub
663 884 784 935 divo
821 885 1078 951 placitare
1115 884 1309 947 noluit,
1350 884 1443 935 sed
1476 884 1534 934 in
1561 883 1838 935 ecclesiam
1866 900 1982 950 quae
2007 882 2083 932 ibi
2118 888 2249 944 erat,

331 960 367 984 “
386 974 510 1007 cum
553 957 661 1007 suis
697 956 903 1007 clericis
945 974 1004 1007 ac
1043 956 1529 1007 honorabilioribus
1563 955 1826 1006 militibus
1865 954 2102 1005 intravit.
2180 955 2252 1005 Et

328 1032 364 1055 “
386 1028 607 1079 consilio
640 1028 844 1091 habito,
887 1028 1053 1079 semel
1089 1033 1142 1079 et
1181 1028 1381 1079 iterum
1416 1028 1482 1079 de
1515 1027 1624 1078 suis
1651 1045 1782 1094 quos
1807 1026 1976 1077 voluit
2002 1044 2097 1093 pro
2124 1044 2252 1093 pace

327 1103 364 1127 ‘¹
385 1100 630 1151 facienda
654 1099 796 1150 foras
823 1100 889 1150 ad
917 1117 1006 1150 eos
1032 1099 1195 1150 misit.
1274 1100 1348 1150 At
1381 1100 1462 1149 illi
1491 1117 1830 1166 nequaquam
1856 1098 2038 1165 petitis
2066 1098 2250 1165 adqui-

330 1176 364 1199 “
387 1172 656 1234 escebant,
699 1171 791 1239 qui
833 1171 1075 1221 Liulfum
1114 1171 1259 1221 illius
1297 1171 1537 1239 jussione
1578 1176 1913 1238 peremptum
1954 1170 2117 1221 fuisse
2158 1188 2254 1238 pro

330 1248 366 1271 “
388 1249 533 1295 certo
570 1243 875 1294 credebant.
951 1243 1098 1293 Nam
1129 1242 1469 1294 Gilebertum
1505 1243 1727 1310 ejusque
1754 1242 1924 1292 socios
1949 1248 2108 1293 nocte
2133 1249 2253 1309 post

328 1321 571 1367 “necem
615 1314 900 1383 propinqui
941 1315 1023 1365 sui
1068 1315 1328 1382 proxima,
1373 1332 1483 1365 non
1528 1314 1702 1365 solum
1739 1314 1797 1364 in
1839 1313 2055 1366 domum
2103 1332 2254 1364 suam

328 1393 363 1416 “
386 1387 707 1439 Leobwinus
747 1386 1086 1438 familiariter
1131 1392 1184 1437 et
1226 1387 1579 1438 amicabiliter
1619 1385 1870 1453 suscepit,
1901 1386 2254 1437 verumetiam

328 1464 363 1487 “
386 1459 702 1541 episcopus
689 1477 800 1526 lpse
825 1459 997 1522 illum,
1035 1465 1096 1509 ut
1132 1459 1296 1527 prius,
1335 1459 1394 1509 in
1433 1477 1584 1510 suam
1625 1459 1853 1526 gratiam
1888 1458 2254 1525 familiamque

326 1536 361 1560 “
380 1532 599 1600 recepit.
678 1532 838 1583 Unde
878 1549 1063 1583 omnes
1103 1532 1193 1599 qui
1240 1531 1350 1600 [ex]
1392 1537 1542 1599 parte
1584 1530 1842 1581 antistitis
1881 1530 2010 1581 foris
2049 1530 2254 1582 inventi

327 1609 362 1632 “
383 1611 527 1667 sunt,
561 1604 809 1672 primitus
844 1604 1172 1667 occiderunt,
1208 1604 1392 1671 paucis
1430 1604 1560 1671 fuga
1593 1602 1888 1655 reservatis.
1968 1603 2089 1655 Quo
2123 1603 2253 1666 viso,

328 1681 363 1704 “
382 1683 445 1728 -ut
488 1677 726 1727 hostium
772 1676 941 1727 furori
986 1676 1332 1739 satisfaceret,
1376 1676 1731 1744 propinquum
1776 1693 1931 1726 suum
1972 1643 2254 1742 praefatuni

327 1754 362 1776 “
384 1749 740 1812 Gilebertum‚
770 1749 921 1816 cujus
950 1749 1128 1799 anima
1155 1748 1511 1816 quaerebatur,
1537 1748 1730 1815 praesul
1758 1747 1823 1798 de
1850 1747 2073 1798 ecclesia
2092 1747 2255 1815 jussit

328 1825 362 1848 “
385 1821 544 1872 exire.
624 1821 801 1873 Quem
830 1821 1194 1887 egredientem
1220 1820 1420 1871 milites
1446 1820 1797 1888 repugnaturi
1823 1837 1851 1870 e
1879 1819 2102 1886 vestigio
2129 1826 2255 1870 sunt

329 1898 363 1921 “
379 1893 570 1944 secuti.
651 1893 757 1944 Sed
783 1910 907 1944 mox
944 1893 1009 1944 ab
1035 1892 1280 1944 hostibus
1306 1892 1544 1959 undique
1572 1892 1762 1959 gladiis
1790 1897 1843 1943 et
1867 1891 2067 1943 lanceis
2095 1909 2252 1959 appe-

328 1970 362 1993 “
384 1965 491 2028 titi,
523 1965 581 2015 in
608 1971 883 2016 momento
911 1972 1037 2015 sunt
1062 1965 1341 2045 perempti.
1417 1964 1645 2016 Duobus
1670 1970 1854 2015 tamen
1880 1963 2125 2031 Anglicis
2151 1964 2251 2014 mi-

327 2042 361 2065 “
386 2038 568 2088 nistris
618 2043 836 2105 propter
881 2037 1402 2104 consanguinitatem
1456 2043 1824 2105 pepercerunt.
1918 2036 2255 2087 Leofwinum

329 2116 362 2138 “
380 2128 596 2178 quoque
616 2109 1043 2161 Dunelmensem
1063 2110 1344 2173 decanum,
1369 2109 1493 2176 quia
1519 2109 1711 2175 saepius
1731 2108 1978 2176 episcopo
2006 2108 2257 2159 adversus

326 2187 360 2210 “
382 2182 504 2233 illos
543 2182 716 2233 multa
741 2182 963 2233 dederat
997 2181 1193 2244 insilia,
1235 2188 1288 2233 et
1324 2181 1544 2233 clericos
1577 2181 1726 2243 alios,
1756 2180 1938 2231 statim
1966 2186 2027 2231 ut
2055 2181 2255 2248 egressi

325 2260 360 2283 “
382 2261 526 2316 sunt,
554 2254 882 2305 occiderunt.
950 2253 1246 2321 Episcopus
1269 2260 1466 2316 autem,
1487 2259 1548 2303 ut
1574 2222 1840 2304 intellexit
1865 2253 2081 2304 illorum
2106 2253 2252 2304 furo-

325 2332 359 2357 “
381 2345 496 2379 rem
522 2326 673 2377 nulla
697 2326 907 2377 ratione
932 2326 1000 2376 iri
1026 2326 1335 2393 mitigatum
1364 2325 1609 2393 quivisse,
1650 2325 1756 2375 nisi
1791 2331 1951 2392 caput
1987 2332 2040 2376 et
2068 2332 2254 2376 auctor

326 2404 361 2427 “
382 2399 549 2451 totius
583 2398 729 2450 1111118
764 2398 1086 2450 calamitatis
1118 2398 1451 2449 occideretur
1478 2398 1817 2460 Leobwinus,
1858 2397 2063 2464 rogavit
2100 2397 2255 2448 illum

325 2476 360 2501 ‘¹
382 2471 564 2539 egredi
599 2471 757 2522 foras.
794 2531 800 2535 ‚
839 2471 945 2522 Sed
985 2488 1108 2522 cum
1142 2471 1355 2538 penitus
1395 2477 1458 2520 ut
1493 2470 1837 2537 egrederetur
1864 2469 1929 2520 ab
1956 2469 2049 2520 illo
2078 2475 2252 2521 extor-

325 2549 360 2572 “
382 2562 543 2625 quere
587 2543 963 2611 nequiret,4ad
1001 2543 1235 2594 ecclesiae
1266 2544 1461 2611 januas
1498 2543 1725 2610 ipsemet
1767 2542 2006 2604 accessit,
2047 2541 2255 2610 sibique

325 2617 547 2667 “vitam
598 2616 819 2667 concedi
869 2615 1124 2683 poposcit.
1245 2615 1456 2667 Quibus
1506 2614 1875 2676 renuentibUS,
1916 2620 2094 2695 caput
2146 2632 2254 2665 suae

325 2688 626 2740 “clamidis
660 2688 828 2738 limbo
871 2705 956 2739 co-
938 2687 1205 2755 -operiens
1246 2687 1389 2738 foras
1425 2687 1603 2750 exivit,
1646 2693 1700 2737 et
1744 2704 1868 2737 mox
1911 2686 2255 2737 inimicorum

328 2760 576 2827 “gladiis
617 2778 898 2827 percussus
943 2760 1210 2811 occubuit.
1288 2759 1500 2811 Deinde
1535 2758 1885 2810 Leobwinum
1921 2759 2103 2839 egredi
2137 2759 2252 2826 jus-

326 2838 360 2860 “
384 2839 584 2882 serunt.
679 2832 802 2884 Quo
852 2831 1087 2895 nolente,
1146 2831 1382 2883 ecclesiae
1431 2837 1576 2882 tecto
1625 2830 2023 2898 parietibusque
2072 2831 2254 2897 ignem

328 2909 362 2932 “
383 2904 700 2971 imposuere.
777 2904 853 2954 At
891 2904 983 2954 ille
1021 2903 1198 2970 potius
1233 2902 1561 2953 ustulatione
1597 2920 1756 2969 quam
1797 2902 2060 2952 occisione
2087 2902 2253 2953 vitam

326 2981 361 3005 ‘¹
383 2976 584 3043 eligens
625 2975 796 3038 finire,
838 2975 1078 3026 flammas
1123 2975 1449 3041 aliquamdiu
1488 2974 1721 3024 sustulit.
1793 2973 1899 3024 Sed
1936 2991 2058 3024 cum
2095 2974 2251 3025 semi-

328 3053 534 3099 “ustus
596 3053 738 3099 esset
801 3047 1022 3109 exilivit,
1086 3052 1139 3098 et
1195 3046 1469 3097 frustatim
1533 3046 1775 3096 concisus
1834 3045 2085 3112 nequitiae
2144 3065 2254 3098 suae

326 3126 361 3149 “
383 3137 567 3188 poenas
613 3118 947 3181 exsolvendO,
989 3118 1151 3169 miser
1199 3118 1423 3169 interiit.
1520 3117 1605 3168 Ob
1648 3135 1874 3185 quorum
1923 3118 2252 3169 detestandae

327 3197 362 3220 “
383 3192 526 3243 necis
553 3191 862 3253 vindictam,
890 3208 983 3242 rex
1005 3190 1310 3241 Willelmus
1338 3190 1524 3241 eodem
1551 3207 1691 3240 anno
1718 3190 2011 3240 devastavit
2043 3190 2250 3241 North-

327 3263 649 3332 “ymbriam
669 3263 727 3325 ;'’
791 3262 955 3313 misso
1016 3262 1146 3313 illuc
1209 3262 1399 3313 Odone
1465 3261 1747 3312 Baiocensi
1816 3262 2060 3329 episcopo
2130 3281 2253 3313 cum

324 3336 499 3388 multa
548 3334 770 3385 militari
821 3352 1002 3385 manu.
1098 3335 1219 3388 Quo
1272 3352 1412 3385 anno
1461 3333 1604 3384 idem
1658 3351 1748 3384 rex
1798 3334 2108 3385 Willelmus
2159 3354 2250 3385 au-

323 3407 555 3460 tumnali
580 3413 821 3474 tempore
859 3406 1194 3457 Rodbertum
1228 3406 1401 3457 filium
1437 3424 1592 3456 suum
1629 3406 1866 3456 Scotiam
1895 3412 2082 3457 contra
2107 3407 2250 3457 Mal-

326 3481 562 3533 colmum
607 3479 771 3530 misit.
866 3478 972 3529 Sed
1024 3495 1146 3529 cum
1193 3478 1518 3546 pervenisset
1564 3478 1630 3528 ad
1674 3478 2050 3546 Egglesbreth,
2102 3479 2252 3529 nullo

325 3553 569 3604 confecto
594 3551 812 3619 negotio
838 3568 1096 3613 reversuS,
1126 3550 1420 3601 Castellum
1451 3550 1670 3601 Novum
1698 3568 1854 3618 super
1879 3551 2078 3602 flumen
2104 3551 2253 3618 Tyne

325 3625 795 3748 com‘l‘lslllfcillelmus
832 3694 1064 3762 suscepit
1091 3694 1456 3763 episcopatum
1483 3694 1906 3746 Dunelmensem
1934 3713 1963 3744 v
1991 3694 2109 3744 idus
2136 3694 2249 3745 No-
