2384 4126
361 359 467 407 244
1122 375 1397 408 APPENDIX
1437 375 1524 407 111.
1568 411 1572 415 ᾗ

363 504 397 527 “
419 501 617 552 111111160
662 501 903 568 exemplo
953 501 1007 551 xl
1048 501 1258 552 dierum
1302 518 1526 551 numero
1578 500 1959 551 abstinentiam
2010 500 2289 550 observare

364 576 400 600 “
420 573 729 625 volueritis:
774 572 1066 641 a[lioquin]
1110 579 1296 624 contra
1335 573 1501 640 ipsius
1541 573 1762 623 Domini
1805 571 2197 633 auctoritatem,
2239 577 2292 621 et

365 645 588 696 “totius
640 657 837 697 sanctae
888 645 1124 697 ecclesiae
1168 663 1258 696 vos
1315 645 1414 695 soli
1460 645 1828 712 repugnabitis
1885 644 2289 694 traditionem.''

364 716 485 767 Hac
529 718 609 767 illi
653 718 934 785 perspicua
976 717 1216 769 veritatis
1258 718 1484 768 2rati0ne
1526 717 1774 779 convicti,
1829 716 2096 783 deincepS,
2152 716 2290 766 sicut

362 796 549 840 sancta
591 790 790 856 ubique
842 790 976 840 solet
1027 788 1264 851 ecclesia,
1321 807 1593 840 sacrorum
1638 789 1968 856 jejuniorum
2015 793 2291 854 coeperunt

362 860 616 913 inchoare
644 862 939 913 sollemnia.

471 934 656 984 zAfiUd
688 952 897 1001 quoque
923 951 1222 1001 proponens
1258 933 1464 1000 regina,
1512 933 1675 1001 jussit
1709 939 1770 983 ut
1805 932 2149 983 ostenderent
2189 949 2294 999 qua

361 1005 569 1056 ratione
602 1006 686 1056 die
725 1012 910 1056 sancto
948 1005 1181 1068 Paschae,
1223 1005 1517 1056 secundum
1548 1023 1750 1055 morem
1790 1012 1988 1055 sanctae
2027 1010 2080 1054 et
2117 1006 2287 1070 Apos-

360 1077 536 1128 tolicae
562 1077 815 1140 ecclesiae,
843 1083 1177 1128 sacramenta
1203 1077 1437 1143 corporis
1464 1083 1517 1127 et
1544 1076 1820 1142 sanguinis
1849 1076 2052 1126 Christi
2080 1093 2289 1126 sumere

358 1149 712 1216 negligerent.
805 1149 1211 1216 Respondentes
1250 1149 1361 1198 illi:
1410 1148 1808 1215 “Apostolus,”
1855 1148 2124 1214 inquiunt,
2167 1148 2288 1199 “de

360 1226 395 1248 “
415 1221 497 1271 his
523 1221 765 1287 loquens,
806 1221 910 1271 ait:
958 1221 1057 1279 Qui
1084 1221 1368 1271 manducat
1394 1226 1443 1271 et
1470 1221 1598 1271 bibit
1628 1221 1857 1287 indique,
1882 1221 2148 1286 judicium
2188 1221 2289 1271 sibi

361 1297 395 1320 “
415 1294 700 1344 manducat
726 1299 776 1344 et
803 1293 971 1344 bibitss
1046 1292 1207 1343 Unde
1235 1292 1358 1358 quia
1385 1310 1481 1343 nos
1507 1299 1810 1359 peccatores
1837 1292 2286 1359 recognoscimus,

358 1370 392 1393 “
414 1383 481 1416 ne
516 1365 781 1433 judicium
821 1365 976 1415 nobis
1016 1365 1400 1415 manducemus
1434 1370 1487 1415 et
1516 1364 1781 1426 bibamus,
1823 1364 1886 1414 ad
1918 1364 2053 1414 illud
2087 1371 2285 1432 myste-

358 1442 393 1464 “
414 1437 554 1487 rium
583 1437 831 1488 accedere
857 1437 1263 1487 formidamus.''
1343 1437 1554 1489 Quibus
1579 1437 1783 1503 regina,
1814 1441 1847 1463 “
1867 1436 2012 1489 Quid
2038 1436 2206 1503 igitur
2223 1437 2285 1486 ?''

354 1509 549 1576 inquit,
592 1515 830 1560 “omnes
873 1509 966 1576 qui
1005 1514 1311 1576 peccatores
1358 1515 1484 1559 sunt
1524 1514 1924 1559 sacrosanctum
1968 1509 2285 1575 mysterium

356 1586 390 1609 “
412 1600 522 1632 non
554 1582 888 1648 gustabunt?
964 1582 1142 1632 Nemo
1178 1599 1305 1648 ergo
1338 1581 1474 1631 illud
1513 1599 1721 1632 sumere
1751 1580 1928 1643 debet,
1968 1581 2092 1648 quia
2125 1599 2284 1632 nemo

356 1658 390 1681 ‘⁶
413 1654 527 1704 sine
559 1654 713 1705 sorde
744 1653 966 1720 pcccati,
1007 1671 1105 1703 nec
1137 1653 1314 1703 infans
1350 1654 1502 1720 cujus
1542 1660 1622 1704 est
1657 1653 1817 1703 unius
1846 1653 1951 1703 diei
1982 1653 2091 1703 vita
2126 1671 2285 1720 super

355 1730 389 1753 “
411 1732 626 1776 terram.
709 1726 766 1776 Si
808 1732 987 1776 autem
1024 1742 1181 1776 nemo
1222 1725 1357 1775 illud
1397 1725 1665 1792 percipere
1700 1725 1874 1787 debet,
1918 1743 2013 1776 cur
2046 1725 2283 1776 Domino

353 1802 388 1825 “
411 1798 620 1848 dicente
649 1798 843 1848 clamat
870 1797 1244 1864 Evangelium,
1286 1798 1409 1847 Nisi
1443 1798 1887 1848 manducaveritis
1923 1815 2131 1848 carnem
2157 1799 2282 1848 Filii

352 1871 665 1933 “Hominis
707 1876 756 1921 et
798 1870 1033 1921 biberitis
1079 1870 1213 1935 Ejus
1250 1870 1572 1935 sanquinem,
1612 1887 1714 1920 non
1749 1870 2005 1920 habebitis
2040 1870 2200 1920 vitam
2226 1871 2282 1920 in

353 1947 387 1969 “
408 1943 551 1993 vobis
569 1942 615 1993 ?‘'³
694 1942 800 1993 Sed
839 1942 995 2008 plane
1037 1940 1379 2003 sententiam,
1421 1959 1577 2008 quam
1615 1942 1679 1992 de
1717 1941 1977 2008 Apostolo
2017 1941 2280 2008 profertis,

351 2019 385 2041 “
408 2014 701 2065 secundum
747 2015 970 2064 Patrum
1001 2013 1340 2063 intellectum
1376 2013 1529 2063 aliter
1558 2031 1775 2064 necesse
1806 2019 1886 2064 est
1926 2013 2240 2080 intelligatis
2263 2036 2276 2076 3

351 2091 384 2113 “
407 2104 516 2136 non
544 2087 687 2138 enim
714 2104 899 2137 omnes
925 2091 1229 2152 peccatores
1257 2091 1590 2136 sacramenta
1611 2085 1797 2135 salutis
1823 2085 2044 2152 indigne
2071 2104 2280 2136 sumere

351 2163 384 2185 “
406 2159 645 2225 deputat.
739 2159 876 2208 Cum
931 2157 1075 2208 enim
1126 2157 1364 2219 dixisset,
1417 2157 1683 2224 judicium
1737 2157 1835 2207 sibi
1885 2157 2175 2208 manducat
2226 2164 2279 2208 et

349 2235 384 2258 “
404 2230 559 2293 bibit,
613 2230 836 2292 addidit,
882 2247 991 2279 non
1033 2229 1344 2296 dejudicans
1388 2247 1578 2296 corpus
1620 2229 1841 2280 Domini
1888 2229 2008 2296 (hoc
2050 2236 2129 2280 est
2170 2248 2278 2280 non

348 2307 382 2330 “
405 2321 655 2369 separans
695 2302 829 2383 illud
875 2302 931 2351 in
976 2301 1079 2352 fide
1126 2301 1191 2352 ab
1243 2301 1374 2352 escis
1428 2301 1810 2368 corporalibus)
1861 2301 2126 2369 judicium
2177 2302 2279 2353 sibi

349 2376 693 2426 “manducat
735 2381 788 2426 et
831 2374 985 2425 bibit.
1085 2373 1190 2424 Sed
1242 2380 1294 2424 et
1338 2373 1429 2424 ille
1454 2373 1562 2440 vqui
1608 2373 1805 2440 absque
1851 2373 2182 2424 confessione
2224 2381 2277 2425 et

348 2452 383 2475 “
405 2447 740 2514 poenitentia,
783 2464 905 2496 cum
951 2463 1168 2496 suorum
1210 2445 1634 2512 inquinamentis
1680 2446 1959 2508 scelerum,
2020 2445 2085 2496 ad
2130 2464 2279 2497 sacra

347 2519 659 2587 “mysteria
701 2518 951 2569 accedere
991 2518 1407 2584 praesumpserit,
1453 2517 1560 2580 ille,
1600 2517 1838 2585 inquam,
1869 2518 2133 2585 judicium
2177 2518 2278 2568 sibi

347 2596 381 2618 “
403 2591 712 2653 manducat,
753 2597 806 2641 et
847 2589 1000 2640 bibit.
1093 2590 1169 2639 At
1210 2607 1323 2652 nos,
1365 2589 1473 2656 qui,
1511 2589 1695 2639 multis
1735 2596 1858 2640 ante
1889 2589 2095 2653 diebus,
2135 2590 2277 2641 facta

346 2668 380 2690 “
401 2671 742 2730 peccatorum
771 2662 1121 2723 confessione,
1162 2661 1481 2728 poenitentia
1513 2662 1853 2728 castigamur,
1888 2662 2110 2729 jejuniis
2138 2669 2272 2713 atte-

346 2740 650 2797 “nuamur,
691 2727 1043 2801 eleemosynis
1085 2739 1137 2784 et
1178 2733 1428 2800 lacrymis
1470 2752 1499 2784 a
1530 2740 1870 2800 peccatorum
1903 2734 2146 2784 sordibus
2182 2734 2272 2785 ab-

345 2812 377 2833 “
399 2806 619 2868 luimur,
659 2806 716 2855 in
758 2806 843 2856 die
884 2804 1290 2855 resurrectionis
1323 2805 1638 2867 Dominicae,
1680 2806 1745 2855 ad
1779 2806 1912 2873 Ejus
1950 2824 2191 2856 mensam
2217 2806 2273 2856 in

345 2883 379 2906 “
402 2878 667 2928 catholica
692 2878 795 2928 fide
832 2877 1162 2939 accedentes,
1204 2894 1419 2927 carnem
1456 2883 1508 2927 et
1543 2877 1857 2944 sanguinem
1896 2877 2042 2944 Agni
2081 2877 2271 2929 imma-

343 2950 584 3012 “culati,
628 2950 799 3000 Jhesu
841 2948 1060 3010 Christi,
1100 2966 1211 2998 non
1253 2948 1320 2998 ad
1353 2948 1635 3016 judicium,
1683 2948 1774 2999 sed
1820 2949 1886 2999 ad
1929 2956 2269 3016 peccatorum

342 3027 377 3050 “
398 3021 660 3072 sumimus
700 3020 1088 3081 remissionem,
1130 3026 1183 3070 et
1218 3020 1505 3070 salutarem
1545 3020 1895 3086 percipiendae
1920 3020 2269 3072 beatitudinis

341 3098 612 3144 “aeternae
662 3091 1165 3159 praeparationem.'’
1264 3091 1366 3141 His
1412 3091 1478 3141 ab
1519 3109 1581 3142 ea
1630 3092 1909 3159 perceptis,
1949 3094 2269 3159 respondere

337 3165 476 3215 nihil
525 3169 839 3231 potuerunt,
897 3168 1056 3229 atque
1102 3162 1286 3229 agnita
1330 3162 1578 3230 deinceps
1631 3164 1865 3215 ecclesiae
1916 3164 2166 3215 instituta
2211 3166 2268 3215 in

336 3236 582 3305 mysterii
609 3235 859 3286 salutaris
885 3234 1225 3301 perceptione
1253 3234 1684 3285 observaverunt.

449 3310 736 3360 ⁶Praeterea
768 3307 826 3356 in
866 3306 1129 3373 aliquibus
1154 3306 1287 3356 locis
1315 3307 1624 3357 Scottorum
1652 3307 1870 3373 quidam
1894 3308 2124 3371 fuerant,
2159 3311 2266 3375 qui,

337 3386 525 3432 contra
558 3380 724 3431 totius
765 3379 999 3430 ecclesiae
1030 3378 1492 3440 consuetudinem,
1533 3379 1713 3430 nescio
1745 3398 1849 3446 quo
1881 3380 1990 3430 ritu
2021 3380 2263 3444 barbaro,

335 3453 534 3504 Missas
563 3452 831 3503 celebrare
858 3456 1243 3501 consueverant
1269 3471 1277 3499 :
1321 3450 1462 3516 quod
1493 3450 1697 3517 regina,
1738 3452 1850 3502 zelo
1883 3452 1986 3502 Dei
2024 3469 2263 3516 accensa,

417 3580 433 3596 ²
464 3571 501 3611 A
523 3571 623 3612 blue
643 3571 781 3611 letter.
1006 3575 1022 3592 ⁰
1055 3572 1078 3609 1
1100 3568 1194 3609 Cor.
1217 3568 1272 3608 xi.
1294 3571 1360 3609 29.
1641 3568 1655 3593 '²
1688 3569 1728 3611 S.
1750 3569 1851 3610 Joh.
1872 3570 1927 3610 vi.
1951 3572 2014 3611 53.

417 3634 431 3651 ⁶
460 3627 501 3666 A
531 3627 606 3666 red
637 3626 762 3666 letter
793 3637 939 3665 occurs
969 3624 1084 3674 here,
1113 3624 1197 3663 and
1223 3636 1246 3662 a
1271 3636 1399 3674 green
1428 3623 1555 3664 letter
1581 3626 1625 3663 at
1644 3625 1718 3664 the
1737 3627 2101 3665 commencement
2121 3626 2167 3665 of
2191 3626 2265 3666 the

331 3683 434 3725 next
454 3683 664 3722 sentence.
