2384 4126
798 370 1066 405 HISTORIAE
1106 372 1493 407 CONTINUATIO.
2030 364 2100 413 89

182 500 217 522 “
238 495 543 546 Willelmus
564 513 652 547 eos
672 496 728 546 in
751 496 1047 547 custodiam
1075 516 1271 565 ponere
1291 499 1478 561 voluit,
1500 499 1732 550 latenter
1759 518 1787 551 e
1814 501 1961 552 curia
1982 504 2026 570 ej
2037 522 2097 554 us

180 568 505 633 “fugerunt,
546 575 600 619 et
639 568 969 635 aliquamdiu
1004 576 1190 621 contra
1220 571 1373 621 illum
1407 571 1815 622 rebellaverunt.
1892 573 2097 625 Verum

179 638 328 688 “ubi
355 639 495 705 quod
522 647 813 706 coeperunt,
850 641 950 691 sibi
991 659 1100 692 non
1142 660 1388 710 prospere
1428 643 1646 694 cessisse
1681 643 1947 707 viderunt,
1987 646 2095 696 Ed-

178 710 403 761 “winus
430 729 610 778 regem
656 712 963 763 Scottorum
1009 713 1364 765 Malcolmum
1412 715 1558 765 adire
1604 714 1855 777 decrevit,
1902 717 1995 767 sed
2038 718 2097 768 111

177 781 344 848 “ipso
381 782 591 846 itinere,
638 802 669 834 a
713 784 821 834 suis
864 784 1085 835 insidias
1126 804 1423 853 perpessus,
1466 786 1757 848 occiditur,
1806 787 2097 839 Morkarus

175 857 209 879 “
230 871 353 904 vero
380 859 433 905 et
462 855 836 918 Herewardus,
871 856 952 907 vir
977 858 1394 921 strenuissimus,
1435 876 1558 909 cum
1592 858 1778 908 multis
1813 859 1930 910 aliis
1970 861 2098 912 Heli

177 924 464 976 “insulam
499 927 710 993 navigio
747 927 1036 994 petierunt,
1077 929 1133 978 in
1175 948 1237 980 ea
1278 930 1516 981 hiemare
1556 930 1853 981 volentes.'’
1928 932 2093 999 Agel-

174 996 343 1048 Winus
370 1016 579 1065 quoque
607 1000 988 1051 Dunelmensis
1015 1001 1293 1068 episcopus
1321 1009 1374 1053 et
1411 1001 1695 1064 SiwardUS,
1737 1013 2093 1069 cognomento

175 1069 338 1132 Barn,
368 1070 432 1121 de
461 1070 666 1121 Scottia
692 1072 1065 1139 renavigantes
1090 1073 1184 1123 illo
1211 1074 1565 1125 advenerant:
1610 1079 1643 1101 “
1662 1074 1754 1125 sed
1781 1075 1882 1125 hoc
1910 1076 2093 1128 audito

177 1144 320 1192 “rex
362 1159 484 1192 cum
518 1142 872 1194 buthsecarlis
911 1144 968 1194 111
1009 1145 1256 1195 orientali
1297 1146 1454 1213 plaga
1493 1146 1683 1197 insulae
1726 1164 1941 1198 omnem
1985 1148 2092 1199 illis

175 1217 208 1239 “
231 1213 433 1264 exitum
472 1214 756 1277 obstruxit,
797 1221 851 1266 et
885 1222 1103 1282 pontem
1130 1217 1183 1266 in
1218 1218 1537 1269 occidentali
1571 1218 1737 1268 trium
1773 1219 1834 1285 (ἲ)
1867 1219 2090 1270 miliari-

174 1288 383 1335 “orum
422 1285 645 1352 longum
686 1286 800 1337 fieri
829 1288 1005 1354 jussit.
1082 1289 1158 1339 At
1198 1289 1296 1352 illi,
1339 1290 1433 1341 ubi
1477 1308 1532 1341 se
1572 1290 1822 1341 viderunt
1863 1291 1937 1342 sic
1978 1310 2092 1344 esse

173 1360 206 1383 “
227 1356 479 1421 inclusos,
507 1376 804 1425 repugnare
832 1359 1178 1422 desistebant,
1202 1367 1254 1411 01
1275 1379 1478 1423 01111108,
1501 1368 1721 1428 excepto
1745 1363 2089 1427 Herewardo,

172 1429 319 1496 “qui
359 1447 453 1496 per
493 1430 712 1496 paludes
754 1449 876 1481 cum
916 1431 1099 1498 paucis
1141 1433 1325 1495 evasit,
1366 1434 1482 1500 regi
1523 1452 1578 1485 se
1620 1433 1903 1486 dedebant.
1983 1436 2092 1488 Qui

173 1504 207 1527 “
227 1518 351 1551 mox
379 1501 684 1569 episcopum
708 1502 1067 1569 Agelwinum,
1103 1504 1518 1556 Abbandoniam
1552 1505 1793 1567 missum,
1828 1506 1884 1556 in
1912 1514 2089 1558 custo-

172 1572 315 1622 “dia
345 1573 539 1639 posuit,
579 1573 672 1624 ubi
706 1574 763 1623 in
803 1574 917 1640 ipsa
961 1574 1136 1626 hieme
1176 1576 1343 1627 vitam
1383 1577 1572 1627 finivit.
1664 1577 1933 1628 Comitem
1966 1597 2090 1630 vero

171 1648 206 1670 “
227 1650 548 1711 caeterosque
582 1662 676 1711 per
709 1646 966 1712 Angliam
1003 1647 1197 1697 divisos
1234 1649 1429 1714 partim
1461 1648 1715 1699 custodiae
1750 1650 2090 1716 mancipavit,

169 1716 418 1781 “partim
462 1716 709 1767 manibus
754 1717 1016 1768 truncatis
1056 1719 1140 1769 vel
1184 1720 1352 1770 oculis
1397 1720 1563 1771 erutis
1605 1720 1750 1771 abire
1791 1721 2090 1787 permisit.''

168 1786 516 1838 Walcherum
546 1806 670 1839 vero
709 1789 1063 1840 Dunelmensi
1098 1791 1332 1842 ecclesiae
1366 1810 1456 1843 rex
1491 1792 1729 1858 praefecit
1765 1792 2089 1860 episcopum,

168 1858 233 1909 de
272 1859 413 1910 clero
452 1860 794 1911 Leodicensis
833 1861 1085 1912 ecclesiae.
1163 1863 1432 1914 Invitatus
1466 1882 1698 1930 namque
1732 1864 1796 1914 ab
1824 1864 1938 1931 ipso
1965 1883 2090 1933 rege

167 1937 385 1982 venerat
413 1931 479 1982 ad
504 1931 677 1994 illum,
718 1933 962 2000 prosapia
993 1933 1184 1997 clarus,
1225 1935 1480 1986 honestus
1507 1936 1764 1998 moribus,
1792 1936 2003 1988 Divinae
2030 1957 2090 1989 ac

167 2003 434 2054 saecularis
461 2003 697 2055 scientiae
723 2005 896 2071 gratia
928 2005 1201 2072 praeditus.
1282 2008 1457 2061 Quem
1489 2008 1638 2058 Eilaf
1672 2007 1904 2070 huscarl,
1948 2010 2088 2076 apud

166 2093 349 2141 regem
374 2076 691 2142 praepollens
716 2077 936 2139 honore,
977 2095 1099 2129 cum
1137 2079 1252 2129 aliis
1277 2079 1660 2147 principalibus
1686 2080 1811 2130 viris
1840 2081 2089 2146 perduxit

164 2147 486 2210 Eboracum,
514 2148 607 2199 ubi
627 2149 782 2215 jussu
806 2149 947 2215 regis
974 2167 1257 2201 occurrens
1284 2169 1460 2201 comes
1487 2152 1828 2218 Cospatricus
1855 2154 2088 2219 suscepit

165 2219 472 2285 pontificem
522 2220 921 2286 perducendum
964 2240 1132 2288 usque
1182 2223 1549 2274 Dunelmum:
1602 2223 1747 2274 venit
1799 2229 1980 2275 autem
2030 2225 2088 2275 in

165 2291 443 2342 ecclesiam
470 2310 578 2343 suae
604 2292 744 2343 sedis
769 2292 947 2343 media
974 2293 1413 2361 Quadragesima.

1021 2441 1236 2475 MLXXII.

271 2520 305 2543 “
322 2517 484 2567 Anno
512 2516 724 2583 M.lxxij,
746 2522 865 2583 post
884 2516 1326 2583 Assumptionem
1356 2517 1566 2568 Sanctae
1592 2517 1801 2580 Mariae,
1829 2535 1922 2569 rex
1943 2519 2080 2569 Wil-

161 2593 195 2615 “
217 2588 425 2651 lelmus,
460 2588 664 2639 habens
689 2588 746 2637 in
773 2588 1030 2638 comitatu
1062 2606 1157 2639 suo
1183 2588 1442 2639 Edricum
1478 2596 1835 2655 cognomento
1863 2590 2078 2641 Silvati-

161 2665 195 2687 “
216 2677 356 2723 cum,
397 2678 519 2711 cum
544 2660 720 2710 navali
748 2667 800 2710 et
828 2660 1061 2726 equestri
1087 2661 1326 2711 exercitu
1354 2661 1591 2711 Scotiam
1617 2661 1885 2727 profectus
1914 2669 1993 2712 est
2019 2669 2081 2712 ut

158 2737 191 2759 “
213 2750 329 2783 eam
372 2750 480 2783 suae
516 2732 826 2799 subjugaret
865 2731 1112 2783 ditioni.''
1191 2732 1440 2783 Graviter
1470 2751 1702 2799 namque
1738 2751 1830 2783 rex
1867 2735 2077 2784 Scotto-

155 2822 276 2854 rum
303 2804 628 2854 Malcolmus
655 2822 778 2854 eum
805 2803 1118 2866 offenderat,
1148 2804 1288 2870 quia,
1328 2810 1389 2854 ut
1417 2805 1783 2871 supradictum
1811 2812 1908 2868 est,
1939 2824 2079 2856 anno

153 2876 422 2943 praeterito
449 2876 601 2942 regni
627 2875 709 2926 sui
736 2876 993 2926 terminos
1029 2876 1281 2927 atrociter
1317 2876 1668 2943 depopulatus
1702 2876 1891 2928 fuerat.
1972 2878 2078 2928 Sed

153 2948 247 2998 ubi
282 2966 375 2998 rex
402 2948 703 3014 Anglorum
744 2947 980 2998 Scotiam
1024 2948 1332 3010 intraverat,
1376 2953 1522 2999 “rex
1562 2948 1889 2999 Malcolmus
1928 2949 1977 3000 ei
2020 2949 2078 2999 in

154 3020 326 3070 “loco
366 3019 457 3087 qui
495 3019 691 3070 dicitur
731 3019 1016 3070 Abernithi
1058 3020 1307 3082 occurrit,
1349 3026 1402 3071 et
1441 3020 1602 3071 homo
1642 3039 1767 3071 suus
1807 3020 2076 3072 devenit.”

157 3091 390 3142 Rediens
427 3097 606 3142 autem
648 3091 772 3142 inde
798 3091 1106 3142 Willelmus
1148 3093 1517 3159 Cospatricum
1553 3092 1841 3143 comitatus
1876 3093 2077 3143 honore

157 3162 401 3229 privavit,
432 3162 712 3230 imponens
745 3163 826 3213 illi
867 3162 1007 3230 quod
1044 3163 1265 3214 consilio
1300 3169 1353 3214 01
1390 3163 1586 3214 auxilio
1618 3164 1857 3215 affuisset
1885 3164 1959 3226 eis
1988 3164 2078 3231 qu'i

159 3234 425 3285 Comitem
467 3253 585 3285 cum
620 3235 730 3285 suis
769 3234 826 3285 in
863 3234 1133 3285 Dunelmo
1167 3242 1520 3302 peremerant,
1562 3235 1687 3286 11001
1725 3236 1835 3303 ipse
1876 3236 2075 3286 ibidem

158 3309 387 3372 praesens
416 3324 523 3356 non
548 3306 766 3368 fuisset3
809 3312 862 3357 et
894 3306 1018 3373 quia
1043 3306 1099 3356 in
1125 3313 1276 3373 parte
1306 3307 1546 3358 hostium
1569 3307 1758 3358 fuisset
1786 3325 1908 3358 cum
1933 3308 2076 3357 Nor-

161 3377 346 3427 manni
372 3377 511 3443 apud
537 3378 839 3429 Eboracum
866 3384 1224 3429 necarentur.²

270 3448 376 3498 Sed
414 3448 501 3499 hic
543 3449 803 3515 paulatim
846 3449 1126 3500 redeamus
1162 3449 1229 3500 ad
1270 3450 1559 3517 superiora,
1607 3450 1777 3517 gratia
1818 3449 2075 3499 comitum

243 3560 258 3576 ²
290 3552 335 3592 If
361 3565 421 3592 we
451 3566 520 3593 are
550 3555 595 3593 to
624 3554 758 3594 credit
778 3554 1005 3595 Ordericus
1024 3555 1193 3605 Vitalis,
1222 3556 1340 3596 these
1360 3556 1540 3596 offences
1560 3556 1643 3595 had
1661 3557 1768 3596 been
1788 3554 1955 3606 already
1975 3567 2076 3594 con-

160 3607 309 3647 doued.
369 3607 429 3646 At
462 3608 516 3647 all
549 3612 695 3648 events
721 3609 793 3649 the
821 3610 927 3660 king
956 3610 1039 3649 had
1068 3611 1265 3662 accepted
1294 3611 1367 3650 the
1396 3610 1649 3651 submission
1676 3611 1722 3650 of
1746 3609 1966 3660 Gospatrie
1987 3620 2075 3650 ΑΛ).

161 3665 268 3703 1069
292 3661 551 3712 (ordericus,
581 3664 694 3714 apud
714 3663 952 3713 Duchesne,
982 3677 1021 3715 p.
1044 3666 1157 3716 515).
