2384 4126
317 364 353 413 4
923 380 1192 414 SYMEONIS
1233 379 1622 414 DUNELMENSIS

321 507 503 557 affluat
524 507 859 575 jocunditas!
937 507 1136 559 Videre
1164 514 1343 558 autem
1368 506 1565 569 videor,
1603 511 1664 557 ut
1690 523 1886 573 magna
1910 505 2071 573 hujus
2098 505 2238 557 salu-

320 577 534 630 britatis
568 579 771 630 oriatur
804 598 966 647 penes
1000 586 1054 631 te
1085 580 1298 647 injuria,
1341 579 1465 646 quia
1490 578 1664 628 nutris
1692 595 1814 628 cum
1842 577 2122 645 diligentia
2148 578 2241 645 qui

322 650 608 718 aliquando
635 652 736 703 sibi
761 670 1016 719 usurpare
1041 657 1367 718 praesument
1393 651 1473 700 tui
1498 650 1650 717 regni
1680 649 1911 716 fastigia,
1950 649 2240 700 mutabunt

323 741 440 789 quae
482 723 766 790 diligenter
807 724 881 775 eis
923 723 1140 775 exhibes
1179 723 1327 786 talia,
1369 723 1425 773 in
1451 722 1533 772 tui
1559 729 1879 788 tuorumque
1904 727 2241 788 posterorum

321 793 551 845 inutilia.
627 796 709 846 Ex
737 796 1107 846 assistentibus
1137 801 1245 846 tuae
1272 794 1604 846 celsitudinis
1629 794 1819 861 loquor
1844 793 2160 844 AEthelredo
2187 799 2241 844 et

322 866 708 935 AEthelbyrhto
734 867 1050 935 tyrunculis,
1079 867 1170 934 qui
1194 867 1365 934 magis
1395 867 1452 916 in
1479 874 1766 933 augmento
1792 871 1898 916 tuae
1924 865 2240 916 liberorum-

322 956 425 1005 que
466 945 711 990 crescunt
757 939 1151 1006 dampnationis
1192 957 1350 1005 quam
1392 938 1677 1005 cujuslibet
1716 944 1824 988 tuae
1867 937 2239 1004 provectionis,

321 1011 466 1077 Ergo
490 1011 784 1079 perquisita
818 1011 1006 1062 directi
1041 1010 1235 1061 ominis
1262 1010 1539 1061 scientiola
1565 1028 1669 1077 qua
1694 1028 1844 1076 aequa
1869 1015 2244 1076 promoveatur

320 1081 379 1131 in
407 1099 495 1133 eos
520 1083 743 1134 rationis
770 1082 1120 1145 sententiola,
1163 1082 1467 1132 consultum
1496 1082 1793 1132 communis
1828 1081 2098 1132 crederem
2130 1099 2243 1132 esse

319 1153 573 1204 utilitatis
606 1161 732 1217 tuae,
773 1160 835 1204 ut
870 1160 963 1204 aut
1001 1171 1089 1204 eos
1127 1153 1185 1203 in
1217 1153 1572 1220 longinquum
1610 1153 1769 1219 dirigi
1804 1153 2023 1204 exilium
2052 1152 2244 1221 jubeas

320 1226 571 1292 regionis,
622 1232 714 1277 aut
755 1226 1009 1276 citissime
1049 1224 1190 1275 tradi
1229 1225 1364 1274 mihi
1405 1225 1547 1275 sinas
1582 1224 1842 1292 juguliS.''
1935 1226 2083 1291 Rege
2127 1224 2241 1275 haec

321 1296 710 1360 dissimulante,
745 1303 972 1364 utraque
1014 1315 1068 1347 se
1102 1297 1246 1347 nolle
1282 1296 1598 1363 denegante,
1633 1296 1727 1346 1110
1753 1301 1935 1347 tamen
1962 1296 2155 1347 obnixe
2182 1302 2242 1347 ut

319 1369 435 1419 fieri
484 1369 820 1436 permitteret
871 1368 1201 1431 stimulante,
1263 1374 1316 1419 et
1364 1367 1467 1419 1100
1519 1368 1710 1435 saepius
1758 1374 2051 1435 repetente,
2114 1368 2243 1419 dum

318 1440 497 1507 tepide
525 1447 578 1492 et
605 1459 714 1491 non
742 1448 929 1509 argute
955 1440 1247 1508 prohibuit,
1290 1440 1524 1491 audaciae
1562 1440 1923 1492 temeritatem
1961 1447 2022 1491 ut
2056 1441 2240 1507 perde-

317 1518 506 1563 rentur
543 1513 744 1565 intulit.
823 1515 870 1565 O
900 1531 1059 1580 quam
1086 1512 1311 1563 subdola
1338 1530 1546 1579 semper
1570 1513 1627 1562 in
1651 1512 1891 1564 insontes
1917 1513 2240 1580 perfidorum

319 1584 612 1636 calliditas!
711 1586 758 1636 O
812 1603 970 1653 quam
1026 1584 1252 1635 immitis
1306 1584 1772 1636 fraudulentorum
1822 1585 1880 1635 in
1928 1584 2243 1636 innocentes

319 1656 552 1708 saevitia!
648 1657 819 1708 Nulla
867 1657 1003 1709 lenis
1054 1656 1355 1724 gratissima
1406 1656 1624 1724 pietatis
1675 1675 1819 1719 cura,
1870 1675 1980 1707 non
2019 1657 2094 1708 eis
2131 1657 2244 1708 ulla

318 1729 747 1780 mansuetudinis
781 1730 1051 1781 intersunt
1085 1729 1303 1780 viscera.
1383 1729 1509 1780 Sola
1536 1747 1652 1796 quae
1677 1729 2008 1780 meditantur
2034 1729 2241 1792 acerba,

318 1818 436 1867 quae
472 1807 689 1869 portant
726 1801 946 1853 venenis
984 1801 1196 1852 similia.
1275 1800 1422 1853 Quid
1460 1801 1653 1868 plura?
1692 1800 1969 1852 mortifera
2005 1801 2148 1852 idem
2184 1801 2243 1852 in

318 1873 576 1941 se-ipsum
621 1879 859 1924 armatur
902 1873 1120 1941 pestifer
1169 1872 1329 1924 turbo
1372 1873 1631 1940 nequitia,
1677 1891 1781 1940 qua
1832 1873 2052 1924 absente
2100 1873 2243 1940 regis

315 1945 598 2011 praesentia
622 1963 814 1997 manus
840 1946 989 1996 nisus
1016 1951 1095 1997 est
1122 1945 1408 1996 extendere
1434 1945 1492 1995 in
1526 1945 1644 1997 Deo
1672 1963 1868 1996 cernua
1892 1945 2245 1997 innocentum

317 2017 469 2068 colla.

428 2090 548 2140 Hac
573 2089 741 2157 igitur
771 2089 937 2141 invidi
969 2089 1323 2156 persecutoris
1356 2089 1708 2140 insectatione
1741 2095 2004 2157 martyres
2040 2089 2243 2140 Christi

317 2162 557 2212 coronati
590 2168 715 2212 sunt
740 2162 918 2230 palma
943 2161 1194 2223 victoriae,
1235 2167 1305 2224 et,
1348 2180 1377 2211 a
1405 2162 1621 2212 Christo
1658 2161 1907 2228 suscepti,
1946 2161 2001 2211 in
2043 2162 2242 2228 praedio

315 2233 565 2300 perennis
605 2234 728 2285 vitae
765 2234 1018 2285 laetantur
1053 2251 1175 2284 cum
1212 2234 1416 2300 angelis
1458 2234 1684 2284 caelestis
1721 2233 1924 2300 patriae.
2002 2234 2243 2285 Pretiosa

315 2323 440 2357 vero
481 2312 757 2356 tantarum
795 2306 1037 2357 membra
1076 2305 1442 2372 agonistarum
1469 2305 1630 2373 jussit
1664 2305 1964 2357 inhonestis
1997 2306 2240 2357 subselli-

317 2395 468 2428 orum
507 2377 639 2429 locis
677 2378 843 2429 humo
885 2378 1099 2444 contegi
1133 2377 1413 2444 regalium,
1452 2377 1673 2428 credens
1706 2377 1873 2429 latere
1910 2378 2003 2428 diu
2034 2379 2243 2429 cunctis

316 2450 458 2517 quod
495 2456 774 2517 peregerat
810 2450 1036 2518 stupidae
1075 2455 1440 2500 commentum
1473 2450 1836 2517 perversitatis
1861 2450 2103 2518 nequitia
2130 2468 2240 2502 sce-

315 2522 439 2573 lesti
481 2522 897 2590 interemptoris.
989 2523 1156 2572 Porro
1207 2522 1355 2572 nullo
1402 2521 1477 2572 eis
1526 2521 1739 2572 indulto
1789 2517 1945 2573 fletus
1996 2522 2239 2589 suspirio,

317 2594 466 2644 nullo
517 2593 700 2645 decem
753 2594 1033 2645 cordarum
1078 2593 1332 2644 reboante
1373 2594 1563 2657 officio,
1605 2612 1715 2645 non
1758 2594 2080 2663 hymnorum
2122 2595 2239 2661 pul-

318 2665 581 2716 cherrimo
637 2665 995 2716 Ambrosiano
1050 2665 1230 2727 titulo,
1285 2682 1384 2716 nec
1441 2665 1775 2732 Gregoriano
1830 2666 2013 2733 potitis
2069 2666 2240 2717 dulcis

319 2737 571 2788 armoniae
591 2754 791 2804 organo
807 2758 821 2799 3
850 2755 961 2788 non
981 2737 1196 2788 defuere
1223 2755 1444 2788 summae
1468 2737 1703 2788 Deitatis
1727 2743 1911 2789 tamen
1930 2738 2245 2806 multiplicis

317 2808 532 2860 virtutis
560 2808 800 2859 exennia.

426 2880 647 2932 Etenim
675 2880 997 2947 intempesta
1031 2880 1205 2931 noctis
1244 2880 1420 2947 quiete
1454 2880 1566 2931 visa
1600 2888 1680 2932 est
1714 2881 1988 2932 Divinitus
2024 2900 2243 2934 corusca

319 2970 477 3020 super
504 2952 681 3003 aulam
706 2952 892 3019 palatii
915 2952 1057 3019 regis
1090 2952 1302 3003 fulsisse
1339 2952 1558 3003 luminis
1594 2954 1896 3020 columpna,
1938 2972 2054 3021 quae
2091 2955 2239 3005 illus-

318 3024 551 3075 tratione
590 3024 808 3074 insolita
845 3024 1025 3091 plures
1067 3024 1303 3075 turbavit
1345 3043 1408 3075 ex
1448 3025 1589 3091 regis
1631 3025 1851 3076 familia.
1927 3026 2240 3094 Dantesque

318 3096 586 3163 fragorem
625 3096 871 3146 clamoris
909 3095 963 3145 in
1006 3095 1357 3148 admiratione
1391 3096 1558 3147 nimia
1593 3098 1994 3165 expergefactus
2022 3104 2102 3150 est
2128 3117 2237 3162 rex,

321 3175 375 3220 et
410 3169 510 3219 hoc
551 3167 771 3218 minime
816 3185 1140 3234 cognoscens
1182 3168 1411 3219 surrexit
1450 3187 1480 3219 a
1515 3175 1713 3220 stratus
1752 3170 1833 3221 sui
1876 3170 2139 3237 cubicu10,
2186 3177 2240 3221 et

318 3241 423 3291 iter
447 3240 653 3308 paravit
680 3239 745 3290 ad
771 3239 1114 3290 nocturnales
1139 3241 1527 3291 matutinorum
1556 3241 1800 3309 hymnos.
1871 3243 2006 3293 Cum
2038 3242 2238 3309 digres-

321 3331 410 3363 sus
452 3331 481 3363 a
520 3312 696 3374 domo,
732 3311 877 3361 videt
911 3311 1095 3362 orbem
1129 3311 1252 3361 novi
1288 3312 1583 3379 splendoris
1607 3313 1946 3365 incanduisse
1975 3314 2237 3377 albedine,

321 3385 473 3452 cujus
498 3383 795 3451 procreatio
823 3382 1097 3434 diffluebat
1119 3401 1149 3433 a
1168 3383 1388 3450 praefato
1414 3384 1549 3435 lucis
1575 3385 1809 3436 mirabili
1836 3386 1983 3437 solio.
2049 3386 2237 3437 Enim-

318 3474 444 3508 vero
470 3462 582 3507 tam
607 3455 835 3507 recentis
862 3454 1189 3522 stupefactus
1214 3454 1434 3518 intuitu,
1466 3456 1663 3507 mentis
1690 3457 1882 3523 agitari
1909 3458 2066 3525 coepit
2094 3458 2238 3509 solli-

322 3528 460 3580 citus
485 3546 579 3579 rex
606 3526 1036 3594 cogitationibUS,
1071 3532 1125 3577 et
1150 3526 1245 3577 ubi
1270 3533 1447 3578 essent
1474 3545 1605 3594 quos
1630 3528 1800 3595 pridie
1826 3529 2157 3596 praeviderat,
2186 3535 2240 3580 et

322 3601 387 3652 de
423 3599 854 3651 confabulatione
887 3598 1279 3665 perdendorum
1314 3605 1609 3667 martyrum
1652 3618 1812 3667 quam
1853 3601 2096 3652 minister
2135 3601 2237 3651 ini-

323 3672 542 3740 quitatis
570 3690 688 3723 cum
719 3689 779 3722 eo
800 3670 1120 3739 jamdudum
1141 3670 1419 3734 habuerat,
1442 3672 1755 3723 movebatur
1781 3672 2043 3740 siquidem
2071 3672 2237 3724 medi-
