2384 4126
284 378 390 427 252
1046 397 1325 430 APPENDIX
1364 397 1451 430 111.

285 525 517 571 mortem
554 520 770 588 reginae,
813 540 909 589 pro
952 522 1118 590 ipsius
1156 523 1335 573 anima
1369 527 1627 589 perpetuo
1666 540 1721 573 se
1762 522 1964 573 Christi
2003 521 2218 573 servitio

283 591 507 642 tradidit
522 614 537 655 ,·
569 599 622 644 et
649 594 716 644 ad
743 594 1085 661 sepulchrum
1111 595 1410 661 incorrupti
1436 594 1671 661 corporis
1700 595 2024 645 sanctissimi
2050 595 2216 662 patris

288 663 575 715 Cuthberti
601 666 893 733 suscipiens
921 666 1169 717 habitum
1201 667 1469 729 monachi,
1511 667 1745 734 seipsum
1779 685 1874 734 pro
1902 686 1963 717 ea
1989 667 2221 717 hostiam

284 735 501 787 obtulit.
593 737 701 788 Hic
753 756 880 805 ergo
938 739 1139 806 reginae
1195 739 1253 789 in
1310 739 1561 790 extremis
1614 739 1737 790 vitae
1794 739 2221 806 inseparabiliter

287 807 487 872 aderat,
528 814 582 860 et
616 810 979 876 egredientem
1015 811 1080 862 de
1115 829 1333 878 corpore
1370 811 1606 862 animam
1642 811 1787 861 illius
1823 812 1936 878 ipse
1971 811 2217 878 precibus

286 880 504 932 Christo
549 882 1029 933 commendaverat.
1124 884 1292 951 Cujus
1336 883 1540 935 exitum
1581 883 1657 934 ita
1696 883 1835 934 sicut
1879 883 2082 934 viderat
2126 901 2220 950 per

287 952 548 1016 ordinem,
592 971 714 1004 cum
756 955 946 1021 saepius
991 955 1116 1006 inde
1159 974 1189 1006 a
1228 974 1314 1007 me
1356 961 1700 1023 quaereretur,
1739 956 1817 1006 ita
1855 955 2053 1006 referre
2099 972 2221 1005 cum

286 1024 537 1092 lacrymis
564 1026 714 1077 solet.

397 1097 502 1148 Per
542 1097 844 1160 dimidium,
880 1098 1073 1166 inquit,
1117 1118 1320 1150 annum
1358 1105 1412 1150 et
1451 1099 1727 1166 aliquanto
1762 1099 1900 1166 plus,
1939 1117 2221 1165 nunquam

290 1187 425 1235 equo
453 1169 650 1232 sedere,
686 1188 808 1220 raro
844 1176 1026 1221 autem
1067 1171 1133 1222 de
1173 1171 1314 1222 lecto
1341 1172 1509 1222 valuit
1545 1190 1779 1238 surgere.
1859 1171 2069 1222 Quarta
2096 1177 2219 1222 ante

288 1259 446 1291 suum
473 1241 682 1292 obitum
709 1242 810 1304 die,
841 1260 963 1292 cum
990 1261 1082 1293 rex
1108 1243 1165 1293 in
1191 1243 1529 1310 expeditione
1558 1250 1714 1306 esset,
1753 1249 1912 1311 atque
1938 1243 2032 1294 illa
2057 1243 2219 1310 longo

288 1319 555 1363 terrarum
596 1313 898 1377 intervallo,
940 1315 1069 1382 quid
1109 1333 1236 1382 erga
1275 1316 1452 1382 ipsum
1494 1334 1554 1366 ea
1590 1316 1675 1366 die
1711 1321 1977 1382 ageretur,
2019 1316 2221 1366 nullius

288 1385 470 1435 nuntii
496 1385 769 1437 celeritate
796 1387 930 1437 scire
958 1387 1237 1454 potuisset,
1279 1388 1486 1439 tristior
1521 1388 1680 1439 solito
1707 1388 1913 1450 effecta,
1940 1388 2041 1438 hoc
2068 1388 2222 1439 nobis

290 1457 393 1508 sibi
419 1457 775 1509 assidentibus
804 1459 969 1510 dixit:
1013 1464 1047 1487 “
1067 1461 1227 1511 Forte
1264 1460 1421 1511 hodie
1456 1466 1671 1511 tantum
1705 1460 1835 1511 mali
1869 1478 2036 1527 regno
2067 1461 2219 1511 Scot-

293 1534 529 1580 “torum
566 1531 800 1598 [accidit,
843 1537 1105 1599 quantum
1148 1532 1333 1583 multis
1379 1539 1523 1583 retro
1568 1532 1898 1599 temporibus
1943 1550 2054 1583 non
2098 1551 2221 1599 pro-

291 1602 549 1653 “venit.”
625 1604 742 1653 Nos
772 1622 893 1654 vero
928 1604 1065 1671 haec]
1105 1605 1400 1668 audientes,
1443 1606 1557 1673 ejus
1595 1605 1762 1672 [dicta
1800 1611 1933 1655 tunc
1975 1604 2223 1671 qui]dem

289 1674 628 1741 negligenter
655 1676 956 1742 accepimus
974 1698 988 1739 3
1029 1677 1163 1744 [sed,
1192 1678 1335 1744 post]
1368 1677 1571 1744 aliquot
1597 1677 1710 1728 dies
1737 1677 1983 1728 veniente
2010 1678 2221 1740 nuntio,

292 1746 479 1797 eodem
506 1747 592 1798 die
620 1765 725 1814 quo
753 1747 867 1799 haec
894 1749 1081 1816 regina
1107 1749 1331 1812 dixerat,
1372 1768 1555 1816 regem
1595 1749 1759 1800 fuisse
1800 1749 2036 1800 occisum
2061 1750 2221 1800 intel-

289 1818 533 1869 leximus.
603 1820 779 1871 Quem
808 1820 1024 1887 quidem
1050 1821 1181 1888 ipsa,
1211 1821 1364 1888 quasi
1390 1821 1695 1872 futurorum
1722 1822 1958 1889 praescia,
1987 1822 2218 1872 multum

290 1891 640 1957 prohibuerat
678 1910 746 1943 ne
782 1910 1052 1960 quoquam
1088 1911 1210 1944 cum
1247 1894 1483 1944 exercitu
1522 1894 1625 1945 iret
1642 1915 1656 1955 3
1699 1894 1793 1944 sed
1819 1893 2000 1945 nescio
2028 1912 2133 1961 qua
2159 1895 2223 1945 de

290 1980 450 2013 causa
500 1964 746 2030 contigit,
800 1983 866 2015 ne
916 1972 1048 2016 tunc
1097 1965 1243 2016 illius
1294 1966 1515 2016 monitis
1565 1966 1822 2017 obediret.
1902 1966 2040 2017 Cum
2094 1984 2220 2033 ergo

292 2041 514 2101 quartus
566 2043 688 2102 post
738 2037 879 2103 regis
931 2037 1255 2089 occisionem
1307 2038 1419 2089 dies
1469 2038 1713 2100 instaret,
1777 2038 1890 2101 illa,
1953 2038 2224 2105 paulisper

290 2107 522 2174 levigata
555 2108 888 2171 infirmitate,
929 2109 1159 2160 Missam
1202 2110 1451 2161 auditura
1492 2110 1787 2161 oratorium
1825 2110 2078 2173 intravit,
2120 2111 2220 2161 ibi-

292 2198 393 2246 que
422 2199 578 2230 suum
606 2180 827 2243 exitum,
865 2182 956 2248 qui
977 2182 1092 2250 jam
1117 2182 1454 2245 imminebat,
1490 2190 1905 2245 sacrosanctum,
1950 2182 2223 2234 Dominici

290 2252 523 2318 corporis
577 2258 630 2303 et
682 2253 959 2320 sanguinis
1011 2254 1207 2305 viatico
1266 2254 1586 2322 praemunire
1643 2255 1863 2306 curavit.
1974 2254 2221 2308 Quorum

292 2324 514 2374 salutari
540 2330 706 2391 gustu
730 2326 946 2389 refecta,
992 2326 1260 2393 prioribus
1286 2345 1410 2377 mox
1439 2333 1727 2394 aggravata
1754 2326 2043 2389 doloribus,
2082 2327 2223 2378 lecto

289 2397 666 2463 prosternitur,
712 2404 767 2448 et
819 2398 884 2448 ad
936 2399 1159 2462 exitum,
1214 2405 1485 2451 crescente
1538 2399 1800 2461 molestia,
1852 2399 2221 2450 vehementius

289 2475 530 2535 urgetur.
628 2470 753 2520 “Et
804 2470 934 2537 quid
982 2471 1216 2522 faciam?
1281 2471 1411 2538 quid
1461 2472 1675 2522 morer?
1755 2471 1925 2524 Quasi
1973 2477 2221 2535 mortem,

290 2541 521 2592 Domine
572 2559 706 2604 mee,
757 2542 984 2593 ulterius
1036 2544 1238 2610 possim
1288 2544 1520 2606 differre,
1586 2550 1638 2594 et
1689 2544 1856 2594 vitam
1918 2543 2219 2610 longiorem

288 2613 481 2675 facere,
523 2613 598 2664 sic
636 2614 800 2665 timeo
840 2615 907 2665 ad
944 2615 1200 2666 ultimum
1245 2616 1359 2683 ejus
1400 2616 1692 2683 pervenire.
1773 2617 1882 2667 Sed
1905 2617 2070 2667 omnis
2096 2634 2219 2668 caro

275 2685 494 2751 foenum,
531 2692 581 2737 et
619 2688 785 2738 omnis
814 2688 989 2754 ylorz'a
1029 2690 1140 2755 ejus
1180 2690 1331 2755 quasi
1363 2689 1472 2755 flos
1492 2688 1662 2754 foem':
1705 2688 2144 2754 eaearuitfoenum,
2172 2694 2223 2740 et

292 2758 487 2808 decidit
502 2758 652 2825 flos.1⁰
728 2759 912 2810 Facies
959 2760 1072 2827 ejus
1111 2761 1226 2828 jam
1264 2760 1322 2810 in
1363 2766 1593 2812 mortem
1632 2761 1913 2827 palluerat,
1957 2778 2080 2811 cum
2106 2761 2222 2828 ipsa

290 2847 377 2880 me
404 2835 564 2909 atque
592 2829 723 2880 alios
745 2849 974 2894 mecum,
1003 2832 1139 2883 sacri
1166 2833 1350 2883 altaris
1375 2832 1669 2894 ministros,
1698 2832 1800 2883 sibi
1827 2839 2019 2896 astare,
2043 2851 2219 2883 suam-

292 2919 394 2968 que
430 2901 665 2952 animam
699 2903 989 2969 psallentes
1016 2904 1233 2954 Christo
1269 2904 1426 2971 jubet
1469 2905 1858 2955 commendare.
1938 2905 2064 2972 Ipsa
2090 2923 2219 2986 quo-

293 2991 394 3040 que
444 2973 612 3036 illam,
679 2993 840 3041 quam
889 2975 1122 3055 Nigram
1173 2976 1423 3027 Crucemq
1473 2976 1770 3038 nominare,
1836 2995 2102 3044 quamque
2164 2977 2222 3027 in

290 3045 526 3096 maxima
560 3063 767 3112 semper
792 3047 1132 3098 veneratione
1166 3047 1360 3099 habere
1396 3048 1688 3110 consuevit,
1731 3048 1833 3099 sibi
1870 3049 2047 3099 afferri
2086 3068 2219 3116 prae-

295 3117 451 3185 cepit.
532 3118 639 3168 Sed
681 3135 804 3168 cum
838 3119 1065 3181 loculus,
1104 3119 1163 3169 in
1205 3138 1309 3187 quo
1344 3120 1518 3170 fuerat
1559 3120 1784 3183 inclusa,
1826 3121 1985 3171 citius
2032 3121 2224 3188 aperiri

294 3207 403 3240 non
437 3197 635 3256 posset,
677 3190 864 3257 regina
899 3191 1131 3258 graviter
1156 3191 1529 3258 ingemiscens,
1567 3192 1671 3243 ait:
1716 3193 1814 3244 ‘’‘O
1843 3211 1941 3244 nos
1967 3193 2219 3244 miseros!

295 3265 330 3289 “
348 3262 395 3312 O
450 3261 771 3328 culpabiles!
826 3263 1053 3314 ulterius
1112 3270 1311 3315 sanctae
1366 3265 1537 3315 crucis
1587 3282 1698 3315 non
1751 3265 2078 3316 merebimur
2141 3284 2222 3316 as-

294 3338 329 3361 “
350 3334 626 3401 pectum.'’
704 3335 1041 3402 Quandoque
1067 3342 1251 3387 tamen
1285 3337 1350 3387 de
1384 3336 1562 3387 loculo
1598 3337 1878 3404 prolatam,
1913 3337 2065 3404 eique
2094 3338 2221 3388 alla-

293 3412 407 3456 tam
463 3424 586 3457 cum
640 3407 938 3458 reverentia
993 3408 1245 3475 suscepit,
1305 3409 1604 3476 complecti,
1659 3409 1971 3472 deosculari,
2024 3410 2224 3473 oculos,

292 3478 485 3530 faciem
511 3479 605 3529 illa
631 3479 932 3546 significare
960 3480 1199 3531 crebrius
1229 3481 1456 3532 studuit.
1498 3515 1502 3520 -

624 3662 646 3687 Ρ
679 3659 701 3696 1
724 3656 765 3696 S.
786 3656 902 3697 Petr.
925 3656 952 3696 i.
973 3659 1039 3697 24.

628 3717 644 3740 ⁹
676 3713 700 3730 ‘⁶
718 3711 899 3752 Crucem
922 3711 1072 3752 Scotiae
1096 3711 1303 3764 nigram.'³
1363 3713 1569 3764 Tiberius,
1601 3713 1650 3754 Ε.
1673 3713 1715 3763 i.,
1747 3715 1826 3753 186
1844 3728 1881 3754 a.
