2384 4126
303 376 374 426 24
920 394 1023 427 SYM
1033 393 1190 427 130le
1232 392 1622 427 DUNELMENSIS

1113 536 1415 571 DCCLXXIII.

409 619 572 669 Anno
607 618 672 669 ab
703 617 1072 670 incarnatione
1107 618 1395 669 Dominica
1435 616 1706 684 Dee.lxxiij
1754 615 2071 679 Hadwinus,
2114 617 2225 668 Mi-

303 690 481 758 gensis
520 691 756 741 ecclesiae
795 691 1036 751 antistes,
1077 690 1320 741 sublatus
1360 697 1457 753 est,
1500 696 1552 740 et
1585 688 1896 739 Leuthfriht
1930 706 2025 754 pro
2059 706 2120 739 eo
2148 696 2228 740 est

302 762 622 829 subrogatus
644 763 937 830 episcopus.
996 762 1298 813 Wlfhaethz
1316 780 1522 829 quoque
1545 762 1644 811 hoc
1665 778 1822 823 anno,
1847 759 2009 810 abbas
2030 762 2225 811 Bever-

300 835 546 897 lacensis,
575 834 716 885 diem
742 835 962 885 Domini
988 834 1167 885 videre
1195 834 1531 896 desideravit,
1566 833 1652 883 cui
1691 839 1743 883 et
1777 849 2086 883 concessum
2127 839 2226 896 est,

302 925 462 973 quem
483 906 799 957 subsecutus
821 912 917 957 est.
977 906 1183 956 Eodem
1204 912 1442 973 tempore
1464 905 1705 967 Alberht,
1729 904 1984 955 Eboracae
2006 904 2229 956 antistes

304 978 557 1042 ecclesiae,
590 978 739 1046 pallii
772 978 1133 1029 ministerium
1162 978 1227 1045 ab
1253 977 1494 1029 Adriano
1528 995 1666 1045 papa
1704 976 1806 1027 sibi
1841 976 2105 1028 directum
2141 994 2227 1028 ac-

304 1049 460 1118 cepit.

1126 1200 1413 1235 DCCLXXIV.

412 1289 575 1339 Anno
605 1287 873 1339 Dchxxiv
911 1287 1163 1339 Eaddwlf
1195 1287 1301 1338 dux
1340 1306 1405 1340 ex
1437 1288 1599 1356 hujus
1632 1288 1756 1340 vitae
1790 1287 2069 1355 naufragio
2105 1286 2230 1338 sub-

302 1361 554 1424 trahitur,
595 1366 649 1412 et
685 1359 871 1411 eodem
903 1365 1144 1426 tempore
1170 1360 1434 1411 Alcredus
1472 1379 1581 1424 rex,
1620 1361 1840 1412 consilio
1880 1366 1933 1411 et
1971 1378 2233 1411 consensu

305 1451 522 1484 suorum
543 1432 802 1495 omnium,
825 1432 986 1499 regiae
1006 1432 1224 1482 familiae
1245 1449 1305 1483 ac
1325 1432 1626 1501 principum
1648 1433 1938 1485 destitutus
1959 1432 2230 1495 societate,

305 1506 463 1557 exilio
497 1504 709 1572 imperii
746 1504 976 1554 mutavit
1014 1505 1367 1572 majestatem.
1452 1505 1634 1556 Primo
1668 1505 1727 1555 in
1760 1505 1949 1556 urbem
1988 1504 2231 1567 Bebban,

303 1583 488 1645 postea
527 1577 593 1627 ad
630 1594 812 1644 regem
852 1576 1124 1627 Pictorum
1164 1576 1383 1628 nomine
1423 1577 1657 1645 Cynoht,
1701 1595 1823 1628 cum
1864 1576 2046 1644 paucis
2089 1576 2232 1643 fugae

304 1649 590 1700 comitibus
628 1648 887 1699 secessit.0‘
962 1648 1150 1699 Bebba
1173 1666 1298 1699 vero
1335 1649 1519 1700 civitas
1553 1649 1681 1700 urbs
1718 1655 1797 1701 est
1831 1648 2232 1710 munitissimaJ'

304 1740 414 1772 non
460 1721 748 1772 admodum
790 1738 1004 1787 magna,
1052 1720 1144 1771 sed
1186 1721 1337 1787 quasi
1379 1721 1607 1772 duorum
1648 1722 1732 1772 vel
1771 1721 1936 1772 trium
1982 1738 2232 1788 agrorum

305 1794 554 1861 spatium,
601 1793 805 1843 habens
850 1810 1019 1842 unum
1063 1791 1348 1843 introitum
1392 1800 1655 1856 cavatum,
1699 1800 1752 1844 et
1798 1793 2050 1861 gradibus
2094 1793 2232 1844 miro

303 1866 462 1916 modo
504 1865 814 1916 exaltatum.
895 1864 1077 1915 Habet
1117 1864 1176 1914 in
1214 1864 1523 1916 summitate
1558 1866 1757 1916 montis
1793 1866 2071 1916 ecclesiam
2097 1882 2231 1932 prae-

302 1938 524 2006 pulchre
564 1937 783 1999 factam,
825 1936 882 1986 in
924 1954 1028 2003 qua
1063 1943 1143 1987 est
1185 1936 1442 1987 scrinium
1474 1937 1770 2004 speciosum
1807 1943 1860 1988 et
1899 1938 2233 2004 pretiosum.⁶

303 2011 373 2061 In
400 2028 505 2078 quo
530 2009 772 2059 involuta
796 2008 958 2076 pallio
979 2009 1124 2076 jacet
1152 2008 1371 2059 dextera
1396 2027 1587 2059 manus
1616 2009 1802 2060 Sancti
1828 2009 2064 2061 Oswaldi
2090 2010 2232 2076 regis

300 2082 626 2148 incorrupta,
656 2081 793 2131 sicut
819 2087 1002 2131 narrat
1022 2080 1173 2131 Beda
1197 2080 1660 2148 historiographus
1686 2081 1846 2149 hujus
1874 2081 2066 2148 gentis.
2131 2083 2231 2132 Est

302 2154 361 2204 in
400 2154 676 2205 occidente
716 2159 769 2204 et
804 2153 862 2202 in
898 2152 1208 2203 summitate
1246 2152 1413 2220 ipsius
1448 2152 1680 2203 civitatis
1705 2153 1825 2204 fons
1850 2154 1988 2204 miro
2016 2161 2232 2205 cavatus

302 2243 476 2294 opere,
506 2225 675 2275 dulcis
703 2225 769 2274 ad
794 2224 1108 2292 potandum,
1138 2229 1191 2275 et
1216 2224 1531 2291 purissimus
1559 2225 1626 2275 ad
1651 2225 1957 2276 videndum.

408 2297 733 2348 Ethelredus
754 2314 982 2364 quoque,
1003 2296 1147 2347 filius
1166 2296 1505 2360 EthelWaldi,
1523 2314 1619 2364 pro
1637 2315 1699 2349 eo
1719 2315 1946 2365 regnum
1964 2298 2196 2365 suscepit
2217 2320 2227 2349 :

303 2371 394 2437 qui
435 2376 587 2421 tanto
632 2369 833 2419 honore
876 2374 1161 2419 coronatus
1201 2369 1287 2418 vix
1332 2369 1568 2437 quinque
1610 2387 1778 2420 annos
1822 2369 2017 2433 tenuit,
2063 2370 2232 2421 veluti

302 2443 537 2494 declarat
565 2441 894 2508 subsequens
921 2458 1095 2492 sermo
1123 2440 1410 2508 scriptoris.

408 2514 614 2565 Eadem
639 2519 959 2580 tempestate
988 2513 1142 2575 Karl,
1172 2513 1500 2564 Francorum
1526 2531 1619 2565 rex
1645 2513 2041 2578 invictissimus,
2074 2514 2227 2565 nobi-

297 2587 559 2637 lissimam
581 2585 1060 2652 Longobardorum
1081 2584 1289 2647 urbem,
1311 2585 1570 2646 Ticinam,
1592 2586 1754 2653 longa
1774 2585 2050 2638 obsidione
2070 2605 2226 2638 vexa-

298 2664 431 2720 tam,
475 2657 636 2708 simul
678 2674 799 2707 cum
834 2657 949 2724 ipso
984 2675 1109 2723 rege
1151 2657 1433 2708 Desiderio
1475 2675 1535 2709 ac
1569 2658 1738 2709 totius
1774 2658 1947 2709 Italiae
1986 2658 2227 2726 imperio,

301 2730 458 2797 cepit.

1135 2859 1392 2893 DCCLXXV.

409 2952 570 3002 Anno
622 2949 867 3000 Dcc.lxxv
916 2966 1008 3000 rex
1059 2949 1334 2999 Pictorum
1386 2949 1604 3017 Cynoth
1649 2967 1713 3000 ex
1763 2951 2015 3017 voragine
2066 2951 2231 3020 hujus

301 3023 613 3075 caenulentis
633 3022 755 3073 vitae
783 3020 1023 3087 eripitur,
1053 3027 1106 3071 et
1127 3020 1342 3071 Eadwlf
1361 3021 1468 3071 dux
1493 3039 1587 3088 per
1611 3021 1834 3072 insidias
1860 3023 2230 3075 fraudulenter

301 3102 504 3163 captus,
543 3100 663 3161 post
699 3093 932 3160 spatium
968 3093 1146 3159 exigui
1171 3093 1426 3159 temporis
1461 3093 1740 3157 occiditur,
1782 3095 2053 3161 sepelitur,
2094 3096 2228 3147 obli-

298 3168 534 3220 viscitur.
612 3165 754 3215 Ebbi
781 3182 991 3232 quoque
1019 3164 1182 3215 abbas
1207 3165 1438 3231 vectigal
1462 3166 1624 3216 morti
1651 3165 1815 3229 dedit,
1858 3167 2135 3234 egrediens
2175 3174 2228 3219 et

298 3257 526 3308 pergens
554 3237 620 3288 ad
645 3238 787 3287 Eum
816 3236 925 3288 Qui
950 3242 1195 3286 mortuus
1221 3236 1384 3287 vitam
1411 3243 1726 3304 perpetuam
1754 3239 2014 3290 concedit.

383 3382 399 3398 ²
430 3373 484 3412 In
505 3371 579 3411 the
599 3369 779 3421 margin,
802 3371 828 3390 “
844 3370 1018 3421 Wlfcwh
1038 3370 1141 3408 obiit
1161 3370 1329 3408 abba8.”

383 3435 401 3452 ‘¹
434 3432 459 3450 “
479 3428 553 3467 Vel
571 3441 613 3465 se
634 3425 871 3470 conoessit‚”
891 3423 1133 3464 interlined.
1193 3424 1283 3464 The
1305 3424 1444 3464 Saxon
1466 3424 1692 3465 Chronicle
1719 3426 1803 3465 and
1823 3425 2115 3478 Huntingdon
2136 3427 2232 3479 give

299 3483 468 3524 further
497 3480 656 3522 details.
716 3480 806 3519 The
834 3479 961 3519 latter
991 3492 1096 3530 says,
1124 3478 1451 3519 “Northumbri
1481 3480 1739 3530 fugaverunt
1765 3494 1908 3532 regem
1929 3494 2077 3522 eorum
2097 3482 2231 3523 Alred

300 3540 351 3579 ab
371 3536 589 3578 Eoverwic
608 3535 654 3574 in
674 3535 933 3575 hebdomada
952 3533 1138 3581 Paschae,
1161 3536 1203 3574 et
1223 3534 1436 3584 eligerunt
1456 3534 1535 3574 sibi
1553 3535 1737 3575 Edelred
1756 3536 1892 3576 filium
1914 3536 2019 3585 Mol,
2043 3537 2116 3589 qui
2136 3550 2231 3590 reg-

299 3594 418 3635 navit
438 3604 569 3632 annos
589 3589 694 3630 iii’ss’

383 3648 398 3672 ¹²
430 3648 485 3687 In
505 3647 580 3686 the
600 3604 782 3697 rrihrgin,
807 3645 908 3683 “De
928 3645 1097 3684 civitate
1118 3643 1302 3684 Bebba.”
1361 3643 1437 3684 See
1458 3643 1587 3692 Beda,
1610 3643 1684 3694 iii.⁵
1705 3647 1744 3685 6.

382 3709 395 3726 ⁰
426 3705 525 3742 “Et
537 3700 809 3754 pretiosum,”
830 3698 1070 3740 interlined.
