2384 4126
813 408 1070 443 HISTORIA
1109 408 1318 442 REGUM.
1950 393 2019 442 29

212 538 469 603 Tempore
508 536 601 587 illo
638 535 802 601 legati
843 534 908 585 ab
943 534 1254 602 Apostolica
1291 532 1415 584 sede
1454 550 1484 583 a
1524 531 1740 583 domino
1778 532 2018 582 Adriano

105 626 240 676 papa
266 608 332 658 ad
358 607 695 658 Britanniam
723 606 911 657 directi
936 611 1078 668 sunt,
1105 605 1163 655 in
1190 604 1381 671 quibus
1400 604 1717 655 venerabilis
1744 603 2019 670 episcopus

109 679 371 745 Georgius
398 680 685 745 primatum
712 678 916 739 tenuit3
947 677 1037 744 qui
1064 677 1338 743 antiquam
1362 676 1504 727 inter
1528 693 1625 726 nos
1647 674 1938 726 amicitiam
1965 680 2018 724 et

110 751 267 801 fidem
312 751 628 801 catholicam
673 768 832 817 quam
879 750 1107 799 Sanctus
1152 748 1443 814 Gregorius
1486 765 1621 814 papa
1663 764 1758 813 per
1800 746 2019 796 beatum

108 822 474 888 Augustinum
533 822 712 872 docuit
767 821 1101 882 innovanteS‚
1156 819 1445 870 honorifice
1507 818 1739 884 suscepti
1801 824 1925 867 sunt
1990 835 2020 867 a

108 894 322 959 regibus
367 899 419 944 et
461 912 490 943 a
532 892 847 960 praesulibus
886 891 970 942 vel
1012 891 1356 958 primatibusP
1401 890 1561 958 hujus
1604 889 1807 956 patriae,
1859 895 1912 940 et
1963 888 2020 938 in

107 982 235 1032 pace
262 965 479 1015 domum
505 965 702 1016 reversi
729 968 853 1014 sunt
881 981 1002 1014 cum
1029 963 1238 1030 magnis
1265 962 1434 1025 donis,
1462 968 1523 1012 ut
1544 963 1752 1030 justum
1778 966 1908 1011 erat.

887 1112 920 1143 1)
927 1111 953 1144 C
960 1111 986 1144 C
993 1110 1212 1143 LXXXVII
1220 1133 1230 1143 .

217 1186 377 1236 Anno
413 1186 726 1253 Dcc.lxxxvij
766 1185 1000 1253 synodus
1035 1190 1357 1252 congregata
1393 1190 1473 1236 est
1512 1185 1567 1235 in
1598 1185 1904 1236 Winehalaq
1942 1185 2017 1253 iiij

109 1274 234 1308 non.
266 1257 609 1324 Septembris.
688 1259 755 1307 In
783 1275 885 1324 quo
910 1264 1148 1323 tempore
1174 1257 1404 1308 Alberht
1441 1257 1602 1308 abbas
1639 1258 1919 1324 Hripensis
1958 1276 2022 1309 ex

109 1329 307 1395 rapidis
333 1329 545 1379 flatibus
571 1330 730 1397 hujus
758 1329 938 1380 saeculi
964 1329 1209 1395 spiritum
1245 1329 1421 1379 emisit
1460 1329 1525 1379 ad
1561 1347 1777 1395 superos
1812 1335 2022 1380 aeternae

109 1401 379 1451 felicitatis
394 1401 609 1469 jubilos
673 1402 807 1452 Mox
822 1419 962 1464 vero,
982 1400 1158 1451 ablato
1177 1401 1309 1468 ipso,
1329 1401 1520 1467 Sigred
1536 1401 1814 1452 ordinatur
1828 1419 1923 1468 pro
1942 1418 2020 1452 eo.

876 1550 1248 1583 DCCLXXXVIII.

220 1625 380 1675 Anno
431 1625 769 1692 ncc.lxxxviij
824 1625 1139 1675 AElfwaldus
1189 1643 1298 1686 rex,
1351 1625 1716 1693 conjuratione
1764 1625 1908 1676 facta
1958 1625 2023 1676 ab

113 1696 227 1764 ejus
264 1696 506 1763 patricio,
554 1697 748 1763 Sicgan
787 1696 1020 1758 nomine,
1064 1696 1354 1747 miserabili
1394 1697 1598 1747 occisus
1643 1704 1723 1747 est
1764 1703 1936 1747 morte
1973 1697 2026 1746 ix

112 1768 219 1818 kal.
248 1768 497 1819 Octobris
522 1768 579 1817 in
603 1768 720 1819 1000
748 1768 838 1834 qui
865 1768 1079 1818 dicitur-r
1110 1768 1557 1835 Scythles-cester
1589 1769 1748 1836 juxta
1780 1769 2023 1819 Murum.

114 1841 317 1906 Corpus
343 1857 465 1890 vero
493 1839 672 1890 eximii
696 1840 835 1906 regis
863 1839 929 1889 ad
966 1839 1409 1906 Hehstealdesige
1451 1857 1573 1890 cum
1607 1840 1815 1906 magnis
1840 1857 2024 1890 mona-

115 1911 333 1962 chorum
379 1911 561 1962 cuneis
612 1918 665 1962 et
716 1911 1028 1961 clericorum
1080 1911 1361 1962 cantilenis
1410 1911 1675 1978 perlatum
1727 1918 1824 1974 est,
1872 1918 1925 1962 et
1968 1911 2026 1961 in

116 1983 337 2034 ecclesia
376 1982 696 2034 sanctissimi
735 1983 965 2034 Andreae
1005 1983 1252 2049 Apostoli
1291 1983 1580 2033 honorifice
1619 1984 1887 2050 sepultum
1928 1989 2024 2046 est,

117 2073 275 2121 quam
303 2055 597 2105 construxit
625 2054 968 2121 dignissimus
1002 2062 1153 2122 pater
1178 2055 1461 2105 Wilfridus
1501 2054 1925 2122 archiepiscopus
1961 2055 2028 2105 ad

114 2126 288 2176 laudis
330 2127 654 2193 praeconium
695 2126 984 2193 supradicti
1024 2126 1285 2193 Apostoli.
1380 2126 1646 2177 Praecellit
1686 2144 1818 2193 opus
1861 2127 2026 2193 ipsius

116 2197 344 2248 coenobii
371 2204 560 2248 caetera
594 2197 815 2248 aedificia
839 2198 897 2247 in
924 2208 1083 2264 gente
1108 2198 1427 2263 Anglorum,
1458 2198 1584 2248 licet
1619 2199 1791 2248 multa
1826 2198 1933 2248 sint
1974 2204 2028 2249 et

115 2269 442 2320 inedicibilia
490 2270 546 2318 in
595 2269 860 2335 plerisque
910 2269 1071 2331 locis3
1137 2269 1228 2319 sed
1278 2269 1335 2318 in
1386 2287 1447 2319 eo
1497 2269 1614 2319 loco
1663 2269 2028 2336 longitudines

114 2340 529 2406 latitudinesque
557 2347 715 2406 atque
741 2340 1164 2406 pulchritudines
1190 2340 1495 2390 excellunt.⁸
1562 2341 1629 2390 In
1657 2358 1760 2407 quo
1788 2340 2028 2391 coenobio

118 2418 243 2462 sunt
267 2411 496 2478 parietes
520 2411 677 2461 variis
704 2410 970 2461 coloribus
997 2411 1254 2473 exornati,
1283 2416 1336 2462 et
1360 2411 1596 2462 historiae
1622 2412 1861 2478 depictae,
1890 2412 2028 2463 sicut

119 2483 451 2549 supradictus
469 2481 752 2532 Wilfridus
779 2482 1053 2549 episcopus
1072 2482 1326 2533 instituit.
1389 2483 1758 2534 Verumetiam
1781 2483 2028 2534 dominus

119 2556 281 2616 Acca,
310 2554 401 2620 qui
426 2559 545 2620 post
569 2553 744 2620 ipsum
770 2553 923 2604 illum
948 2554 1126 2604 locum
1162 2554 1494 2620 gubernavit,
1535 2554 1764 2620 glorioso
1802 2555 2028 2622 compsit

119 2631 327 2677 ornatu.
407 2625 627 2692 Sepulto
670 2642 813 2692 rege,
858 2631 919 2675 ut
961 2625 1319 2691 praediximus,
1371 2626 1614 2693 regnavit
1666 2626 1838 2677 Osred
1886 2627 2028 2677 filius

119 2696 335 2748 Alcredi
360 2697 516 2763 regis,
555 2714 719 2763 nepos
755 2697 905 2763 ejuss
929 2714 1024 2763 pro
1052 2713 1113 2747 eo
1147 2715 1315 2746 unum
1358 2715 1574 2748 annum.
1653 2698 1720 2748 In
1760 2698 1877 2749 loco
1902 2716 2027 2749 vero

120 2786 223 2836 quo
257 2768 570 2818 AElfwaldus
608 2786 700 2819 rex
735 2768 936 2834 justusu
976 2768 1289 2819 interfectus
1325 2774 1422 2831 est,
1469 2769 1672 2819 caelitus
1709 2770 1803 2820 lux
1837 2769 2030 2821 emissa

119 2840 313 2890 dicitur
361 2839 528 2890 videri
578 2857 608 2889 a
650 2839 910 2906 plurimis.
987 2840 1310 2890 Constructa
1360 2846 1440 2891 est
1489 2840 1688 2891 ibidem
1735 2841 1956 2892 ecclesia
2000 2860 2030 2892 a

116 2912 360 2963 fidelibus
385 2910 528 2961 illius
553 2911 673 2973 loci,
703 2917 862 2978 atque
887 2911 945 2961 in
970 2911 1170 2962 honore
1191 2912 1294 2962 Dei
1321 2918 1373 2962 et
1403 2913 1724 2963 Sanctorum
1742 2913 2030 2964 Cuthberti

118 2983 348 3051 episcopi
374 2989 427 3033 et
454 2982 687 3033 Oswaldi
714 2983 853 3050 regis
880 2989 932 3034 et
958 2983 1208 3051 martyris
1236 2990 1557 3035 consecrata.

194 3102 216 3127 Ρ
248 3097 273 3118 “
289 3096 362 3134 Vel
374 3095 673 3147 primatibus‚”
693 3094 933 3142 interlined,
954 3095 1038 3134 and
1060 3096 1179 3134 “sive
1200 3110 1227 3134 α
1238 3095 1544 3147 principibus‚”
1564 3095 1609 3135 in
1630 3096 1704 3136 the
1723 3098 1828 3136 text.

199 3156 215 3181 ⁹
245 3149 437 3189 Written
455 3150 502 3189 in
521 3162 637 3190 error
657 3149 862 3189 Pinchala
880 3150 925 3188 in
945 3150 1018 3189 the
1039 3149 1131 3190 MS.
1192 3151 1267 3190 See
1287 3162 1311 3189 a
1330 3153 1429 3190 note
1449 3150 1584 3190 under
1605 3162 1692 3190 A.D.
1713 3150 1808 3193 ¹765.

199 3212 214 3229 ⁷
249 3206 329 3255 Qui
357 3206 512 3244 dicitur
536 3204 778 3245 interlined.
838 3204 1185 3256 Scythles-cester
1211 3204 1246 3244 is
1272 3205 1473 3257 probably
1494 3204 1690 3245 Chesters
1719 3219 1821 3246 near
1841 3206 2030 3248 Choller-

118 3259 222 3299 ford.
282 3259 440 3306 Cester,
463 3258 652 3305 Chester,
672 3272 719 3298 or
739 3259 935 3299 Chesters
964 3259 1116 3311 always
1147 3259 1319 3299 denotes
1348 3260 1421 3299 the
1448 3259 1525 3300 site
1553 3260 1599 3300 of
1623 3273 1647 3299 a
1672 3260 1841 3300 Roman
1861 3262 2031 3301 station.

119 3314 220 3354 This
240 3314 434 3354 Chesters
453 3313 488 3353 is
508 3326 563 3353 on
589 3314 662 3353 the
690 3313 776 3353 line
805 3314 851 3353 of
874 3314 948 3354 the
977 3313 1145 3353 Roman
1169 3313 1274 3360 wall,
1304 3314 1378 3354 the
1409 3314 1566 3354 Murus
1594 3315 1780 3355 referred
1808 3317 1852 3356 to
1881 3316 1927 3355 in
1957 3317 2031 3356 the

118 3372 221 3418 text,
242 3369 336 3418 and,
358 3381 451 3408 save
471 3368 714 3420 Corbridge,
744 3368 778 3407 is
798 3369 854 3420 by
873 3369 1003 3408 much
1023 3369 1096 3408 the
1116 3371 1281 3409 nearest
1301 3369 1456 3409 station
1485 3371 1529 3409 to
1556 3369 1768 3409 Hexham.
1828 3370 1899 3410 No
1917 3373 2032 3411 trace

120 3424 166 3464 of
189 3424 262 3463 the
282 3424 414 3474 prefix
435 3422 625 3474 Scythles
645 3423 679 3462 is
699 3426 743 3462 to
762 3423 813 3462 be
834 3423 965 3462 found
984 3423 1120 3463 either
1139 3423 1290 3463 within
1309 3436 1501 3475 memory
1520 3437 1568 3464 or
1587 3424 1633 3463 in
1652 3425 1811 3464 record.

199 3485 210 3502 ³
240 3478 293 3517 In
323 3478 398 3517 the
429 3477 597 3529 margin
628 3479 695 3516 De
727 3479 1101 3517 Hextildissakam.
1172 3477 1273 3517 This
1308 3478 1563 3529 description
1593 3479 1640 3518 of
1672 3479 1747 3519 the
1783 3479 1956 3519 Church
1991 3478 2037 3518 of

119 3532 316 3573 Hexham
350 3534 466 3572 must
500 3532 604 3572 have
634 3533 739 3572 been
769 3532 941 3572 written
971 3532 1166 3584 previous
1199 3534 1244 3572 to
1277 3533 1352 3574 the
1381 3533 1642 3574 destruction
1675 3533 1722 3573 of
1745 3533 1818 3573 the
1852 3533 2032 3584 original

119 3589 333 3627 structure
352 3587 408 3637 by
427 3586 501 3626 the
520 3586 674 3633 Danes‚
695 3597 787 3626 ΑΛ).
810 3586 903 3628 875.

202 3644 213 3666 ²
242 3641 331 3681 'Phe
350 3641 484 3681 words
507 3644 663 3692 “nepos
682 3641 801 3693 ejus”
823 3654 892 3681 are
912 3640 1261 3682 interlineations.

203 3702 220 3719 ¹⁴
253 3696 433 3734 “Justus
451 3695 476 3712 ’²
497 3694 738 3734 interlined.
