2384 4126
293 403 398 454 164
880 418 1141 452 His'romA
1179 416 1637 450 TRANSLATIONUM

291 553 603 616 pestuosum
631 551 685 598 et
719 544 1158 597 obscurissimum
1175 566 1189 607 3
1231 543 1505 611 navisque,
1538 544 1652 611 jam
1683 561 1793 594 non
1821 543 2000 594 valens
2027 542 2218 610 guber-

290 621 428 683 nari,
464 621 569 670 huc
597 625 650 670 et
683 618 813 669 illuc
846 618 990 668 inter
1023 617 1334 683 fluctivagas
1362 616 1672 684 jactabatur
1705 616 1876 666 undas
1894 637 1908 678 3
1951 616 2041 683 qui
2076 615 2220 666 enim

290 693 440 743 intus
467 697 619 743 erant
639 691 786 742 velut
812 689 1010 740 mortui
1036 689 1397 755 obriguerant.
1464 689 1682 739 Interea
1706 695 1816 739 tres
1845 689 1991 739 mirae
2011 687 2219 754 magni-

292 765 497 815 tudinis
541 761 729 814 undaef
762 762 1011 813 horrifico
1063 778 1185 811 cum
1231 779 1506 811 murmure
1548 761 1998 828 supervenientes,
2040 760 2219 810 navim

293 838 496 888 medias
521 854 656 903 pene
682 852 850 902 usque
878 834 945 884 ad
970 832 1181 883 tabulas
1206 832 1581 900 impleverunt,
1619 839 1778 900 atque
1805 833 2032 884 terribili
2059 832 2218 882 mira-

295 910 435 973 culo,
477 914 704 976 postque
742 905 952 973 AEgipti
992 905 1177 972 plagas
1218 905 1480 967 inaudito,
1522 905 1768 972 protinus
1805 905 1864 955 in
1905 905 2220 971 sanguinem

295 980 761 1032 convertebantur.
855 979 902 1028 O
941 976 1233 1028 conditoris
1273 977 1444 1028 nostri
1483 977 1745 1044 stupenda
1789 977 2074 1044 majestas!
2172 977 2219 1027 O

293 1053 525 1103 nimium
571 1049 943 1118 amplectenda
986 1049 1174 1116 pietas,
1216 1067 1333 1115 quae
1373 1066 1590 1099 suorum
1633 1066 1854 1116 corpora
1899 1050 2222 1100 Sanctorum

295 1131 557 1193 quantum
587 1142 617 1174 a
643 1122 798 1173 nobis
820 1122 929 1172 sint
955 1120 1293 1171 formidanda
1320 1127 1479 1187 atque
1498 1122 1802 1172 veneranda
1827 1127 1940 1171 tam
1960 1121 2221 1172 horrificis

293 1204 513 1264 tamque
551 1194 789 1245 mirificis
822 1193 1058 1244 declarat
1090 1192 1366 1260 signorum
1407 1192 1663 1243 ostentis!
1742 1194 1887 1260 Ergo
1921 1200 2222 1260 postquam,

295 1287 456 1321 sensu
482 1266 880 1334 aliquantulum
906 1270 1140 1331 recepto,
1164 1265 1479 1331 semetipsos
1500 1265 1592 1331 qui
1617 1265 1701 1316 vel
1726 1265 1819 1316 ubi
1846 1272 2023 1317 essent
2048 1283 2222 1316 recor-

293 1342 508 1403 dantur,
540 1339 787 1406 tantique
817 1337 1066 1388 miraculi
1095 1336 1525 1403 magnitudinem
1560 1337 1661 1404 ipsi
1688 1355 1898 1405 quoque
1929 1356 2023 1404 per
2048 1344 2224 1388 totum

295 1413 556 1480 sanguine
607 1410 812 1479 perfusi
862 1409 1313 1476 contemplantur.
1411 1409 1684 1460 Continuo
1729 1417 1971 1477 gemunt,
2016 1410 2224 1476 lugent,

295 1504 470 1553 genua
510 1485 753 1547 flectunt,
786 1482 1104 1548 veniamque
1147 1481 1300 1532 stulti
1341 1500 1503 1532 ausus
1543 1488 1660 1533 toto
1702 1500 1918 1549 corpore
1961 1482 2027 1533 ad
2067 1483 2226 1549 pedes

295 1557 466 1609 sancti
499 1556 734 1624 corporis
775 1555 1031 1623 prostrati
1065 1561 1299 1621 petuntfl
1373 1556 1606 1622 Arrepto
1646 1554 1826 1621 itaque
1862 1555 2226 1622 gubernaculo

292 1630 474 1681 navim
502 1630 568 1680 ad
605 1629 735 1679 litus
763 1637 816 1679 01
845 1627 911 1678 ad
937 1626 1106 1677 socios
1139 1633 1470 1694 retorquent,
1512 1634 1565 1678 et
1600 1628 1874 1690 continuo,
1915 1627 2169 1678 flantibus
2196 1646 2227 1678 a

293 1710 447 1770 tergo
472 1701 664 1763 ventis,
696 1700 826 1750 illuc
860 1699 974 1749 sine
1002 1699 1179 1765 aliqua
1207 1699 1521 1750 difficultate
1553 1700 1887 1766 perveniunt.
1964 1701 2114 1750 Tunc
2136 1700 2227 1766 qui

294 1775 442 1842 prius
482 1774 738 1825 fleverant
781 1771 1011 1822 dolendo
1046 1789 1198 1822 versa
1230 1770 1345 1822 vice
1380 1772 1501 1839 plus
1531 1772 1643 1839 jam
1686 1772 1888 1823 flebant
1924 1772 2224 1839 gaudendo.

293 1847 593 1914 Episcopus
636 1862 760 1896 vero
805 1862 928 1895 cum
963 1843 1120 1894 sociis
1166 1842 1296 1905 suis,
1336 1844 1539 1911 pudore
1585 1844 1747 1894 simul
1792 1851 1844 1895 et
1889 1845 2071 1896 dolore
2116 1862 2226 1895 non

293 1919 474 1970 minus
511 1917 796 1969 lacrimans
837 1922 953 1966 toto
999 1933 1219 1982 corpore
1259 1915 1318 1965 in
1357 1922 1556 1967 terram
1599 1917 1973 1984 prosternitur,
2020 1917 2226 1984 sibique

292 1990 564 2059 indulgeri
589 1996 839 2057 precatur
864 1988 1167 2039 obnoxiusfl
1233 1987 1336 2038 His
1359 1988 1436 2039 ita
1456 1988 1638 2055 gestis,
1662 1989 2018 2056 omnibusque
2038 1989 2224 2040 lauda-

291 2064 474 2115 biliter
495 2061 847 2124 concordatis,
876 2060 942 2111 ad
968 2060 1352 2111 monasterium
1377 2061 1519 2128 quod
1545 2061 1602 2110 in
1621 2061 1748 2113 villa
1774 2061 2031 2112 vocabulo
2060 2062 2228 2113 Creca

291 2136 397 2187 fuit
437 2135 574 2186 illud
617 2132 920 2185 venerabile
971 2150 1162 2200 corpus
1214 2132 1481 2196 deferunt,
1532 2133 1713 2200 ibique
1766 2133 1831 2184 ab
1877 2134 2086 2197 abbate,
2139 2134 2226 2185 cui

292 2226 490 2259 nomen
519 2213 632 2258 erat
660 2206 822 2268 Geve,
844 2204 1229 2271 benignissime
1250 2205 1500 2273 suscepti,
1518 2205 1665 2256 velut
1685 2205 1743 2256 in
1763 2206 1974 2273 proprio
1997 2213 2227 2273 quatuor

291 2280 568 2332 mensibus
595 2278 918 2330 residebant.
998 2277 1243 2340 Interim,
1274 2277 1472 2329 Divina
1497 2278 1840 2345 dispensante
1877 2279 2066 2345 gratia,
2108 2296 2225 2346 quae

293 2371 417 2404 suos
453 2352 518 2403 ad
557 2352 659 2402 1100
698 2349 963 2419 permittit
989 2349 1249 2412 laborare,
1281 2368 1350 2401 ne
1384 2350 1441 2400 in
1471 2350 1739 2401 bonorum
1773 2369 1993 2418 operum
2025 2351 2223 2402 exerci-

290 2425 497 2477 tatione
531 2430 797 2491 torpeant,
832 2422 898 2473 ad
938 2422 1040 2473 hoc
1080 2421 1279 2473 iterum
1313 2423 1462 2473 novit
1502 2440 1758 2487 recreare,
1794 2441 1864 2475 ne
1893 2423 1950 2473 in
1987 2423 2226 2474 caritatis

293 2497 648 2549 delectatione
682 2496 935 2562 frigeant,
969 2494 1119 2545 sedes
1149 2495 1480 2562 episcopalis,
1510 2514 1670 2562 quam
1699 2496 1940 2563 superius
1966 2496 2024 2546 in
2049 2496 2227 2546 insula

291 2568 722 2621 Lindisfarnensi
743 2586 857 2619 esse
879 2567 1128 2630 diximus,
1149 2567 1207 2617 in
1225 2568 1614 2619 Cunceceastre
1634 2574 1982 2619 restauratur.
2031 2569 2223 2619 Trans-

290 2642 402 2693 1010
440 2642 608 2709 igitur
641 2640 754 2691 illic
793 2640 859 2691 de
896 2640 1064 2691 Creca
1103 2639 1400 2691 beatissimi
1430 2640 1598 2707 patris
1630 2658 1867 2708 corpore,
1902 2640 2112 2691 tamdiu
2150 2640 2226 2691 ibi

290 2714 604 2782 permansit,
647 2729 942 2780 quousque,
978 2729 1089 2762 non
1114 2712 1298 2779 paucis
1323 2712 1580 2764 revolutis
1612 2714 1783 2775 anniS,
1820 2713 1877 2763 in
1914 2713 2225 2764 Dunhelmo

291 2805 401 2837 una
427 2804 550 2836 cum
572 2785 696 2837 sede
721 2784 1018 2852 pontificali
1044 2784 1419 2836 decentissime
1440 2785 1909 2852 transponebatur,
1935 2785 2030 2836 ubi
2057 2803 2225 2852 usque

291 2858 348 2909 in
375 2875 609 2926 praesens
637 2857 753 2924 ejus
780 2856 1035 2908 sanctitas
1061 2856 1333 2907 miraculis
1361 2857 1631 2907 continuis
1659 2858 1973 2908 declaratur.

368 3036 393 3068 f
417 3033 543 3075 After
562 3033 637 3074 the
656 3033 773 3073 word
791 3035 925 3082 undae,
955 3046 979 3072 a
1008 3032 1151 3073 hiatus
1183 3032 1387 3073 occurred
1413 3031 1460 3071 in
1478 3032 1553 3072 the
1572 3031 1666 3072 MS.
1688 3031 1798 3072 from
1817 3032 1958 3073 which
1977 3033 2051 3074 the
2070 3036 2164 3074 text
2183 3035 2230 3074 of

290 3090 378 3131 this
398 3090 516 3130 work
546 3089 593 3129 in
623 3089 698 3129 the
729 3090 843 3128 Acta
876 3089 1123 3128 Sanctorwm
1142 3100 1226 3127 was
1245 3088 1388 3128 taken.
1447 3087 1537 3127 'Phe
1556 3086 1728 3138 portion
1747 3087 1939 3139 wanting
1957 3088 2032 3128 has
2052 3090 2158 3129 been
2178 3090 2225 3130 in

290 3148 388 3198 part
421 3144 616 3197 supplied
640 3144 687 3183 in
718 3143 815 3183 that
844 3143 927 3183 and
961 3144 1221 3194 subsequent
1249 3142 1432 3183 editions
1463 3143 1572 3181 from
1602 3142 1677 3182 the
1707 3144 2037 3195 corresponding
2062 3147 2155 3184 text
2184 3146 2230 3185 of

293 3202 491 3254 Symeon,
521 3211 653 3252 many
670 3210 798 3250 pages
816 3198 947 3249 being
965 3197 1218 3238 introduced
1237 3196 1378 3237 which
1407 3209 1477 3238 are
1509 3199 1585 3236 not
1609 3199 1653 3237 to
1673 3198 1724 3237 be
1745 3197 1878 3238 found
1898 3198 1944 3238 in
1963 3212 2047 3251 any
2068 3199 2162 3241 MS.
2183 3201 2229 3240 os

290 3257 366 3297 the
385 3255 514 3296 work.

372 3318 395 3344 8
425 3309 529 3351 This
562 3309 692 3349 forms
721 3308 796 3348 the
830 3306 1088 3359 concluding
1125 3319 1296 3358 passage
1330 3306 1376 3347 of
1411 3307 1485 3347 the
1523 3307 1824 3359 twenty-sixth
1863 3308 2038 3360 chapter
2068 3310 2114 3350 of
2150 3311 2225 3351 the

292 3366 475 3418 History
507 3364 553 3406 os
576 3365 651 3405 the
683 3363 858 3405 Church
888 3363 933 3403 of
957 3362 1167 3403 Durham.
1227 3362 1317 3402 'Phe
1349 3362 1565 3414 following
1591 3366 1789 3403 sentence
1813 3377 1959 3404 occurs
1985 3364 2030 3404 in
2051 3366 2226 3417 chapter

292 3422 438 3463 xxviii.
460 3421 506 3461 of
521 3420 595 3461 the
614 3431 728 3460 same
747 3419 878 3468 work,
899 3418 982 3458 and
1002 3417 1037 3457 is
1057 3418 1249 3458 followed
1267 3419 1324 3469 by
1344 3418 1417 3458 the
1433 3417 1569 3457 vision
1590 3418 1636 3458 of
1659 3418 1802 3459 Abbat
1821 3419 2003 3469 Eadred,
2018 3420 2063 3460 in
2084 3422 2224 3462 which

291 3478 346 3519 he
368 3476 552 3518 receives
578 3474 807 3516 directions
838 3473 947 3513 from
977 3472 1037 3513 St.
1060 3473 1273 3514 Cuthbert
1302 3486 1347 3513 as
1376 3475 1421 3513 to
1441 3473 1514 3513 the
1538 3473 1805 3525 redemption
1826 3475 1872 3515 of
1897 3475 2093 3515 Guthred
2115 3477 2223 3517 from

290 3533 469 3586 slavery,
497 3531 582 3572 and
600 3529 770 3583 placing
788 3528 881 3569 him
900 3541 956 3569 on
976 3528 1050 3568 the
1070 3528 1224 3569 throne
1244 3528 1290 3569 of
1314 3527 1725 3570 Northumberland.
