2384 4126
757 379 1025 413 Hls‘romffi
1066 379 1451 413 CONTINUArlo.
1963 368 2064 418 127

145 510 207 560 de
231 508 500 575 reliyionis
527 512 817 574 auymentO,
857 512 907 557 et
948 506 1010 557 de
1052 506 1254 557 coeteris
1295 523 1406 572 quoe
1440 506 1721 572 probanda
1759 509 1841 558 vel
1875 508 2065 573 impro-

142 581 313 631 banda
338 581 451 631 visa
479 578 704 645 fuerint,
741 596 855 630 cum
885 583 1068 629 vestra>
1095 578 1388 629 dilectionis
1415 579 1632 642 aua’iliO,
1674 581 2068 644 cooperantibus

141 658 438 703 sanctorum
467 652 832 717 Apostolorum
848 651 1185 716 patrociniis,
1208 650 1578 715 pertractabit.
1655 651 1920 717 Royamus
1946 669 2066 718 eryo

141 742 247 786 vos,
302 730 350 775 et
391 741 666 785 monemus,
723 728 877 788 atque
916 723 1273 789 prcecipimus,
1313 728 1371 773 ut
1415 739 1544 785 eum,
1586 727 1834 788 tanquam
1880 723 2067 774 Sancti

142 796 294 847 Petri
318 796 587 856 vicarium,
628 799 922 845 reverenter
955 795 1274 860 suscipiatis,
1314 794 1580 844 humiliter
1621 795 1871 855 audiatiS,
1914 801 2068 861 atque

142 868 215 917 ad
261 869 425 933 ipsius
474 867 793 918 vocationem
842 867 1118 931 synodales
1169 884 1283 916 cum
1324 884 1380 917 eo
1428 872 1705 917 conventus
1747 868 2065 917 sollemniter

143 940 422 1001 celebretis,
464 945 717 1005 quatenus
745 956 848 1004 per
890 939 1054 1003 ipsius
1094 944 1144 988 et
1183 944 1410 989 vestram
1450 939 1768 989 industriam
1811 940 1866 989 in
1911 957 2067 1006 reyno

141 1017 310 1062 vestro
330 1028 438 1077 quce
460 1011 768 1077 corriyenda
786 1016 907 1061 sunt
933 1011 1285 1076 corrivantur,
1309 1027 1418 1076 quoe
1432 1010 1704 1075 firmanda
1724 1017 1846 1062 sunt
1873 1013 2067 1063 Sancto

142 1084 433 1149 inspirante
461 1084 664 1149 Spiritu
680 1082 977 1148 firmentur.
1054 1084 1201 1133 Data
1228 1082 1502 1144 Laterani,
1542 1084 1584 1148 zjj
1611 1083 1729 1133 idus
1755 1084 1976 1149 Aprilis.

254 1156 425 1222 Super
452 1155 646 1206 Scotiae
675 1173 883 1222 quoque
918 1172 1141 1221 regnum
1170 1154 1313 1205 idem
1342 1155 1374 1204 J
1379 1154 1616 1205 ohannes
1641 1155 1807 1221 legati
1833 1155 2066 1222 suscepit

143 1228 393 1290 officium,
433 1227 743 1294 Apostolico
789 1244 945 1293 super
989 1227 1088 1277 1100
1129 1226 1241 1293 regi
1285 1226 1452 1293 ipsius
1495 1226 1669 1293 gentis
1716 1227 1810 1277 has
1856 1228 2064 1278 litteras

142 1299 408 1350 mittente.

250 1372 517 1422 Honorius
542 1372 825 1437 episcopus,
864 1388 1042 1422 servus
1067 1387 1331 1421 servorum
1364 1371 1484 1432 Dei,
1526 1371 1713 1421 dilecto
1740 1370 1859 1436 filio
1885 1372 2068 1422 David

141 1445 338 1495 illustri
384 1445 680 1494 Scottorum
722 1444 835 1510 reyi
874 1444 1093 1493 salutem
1143 1448 1193 1493 et
1244 1443 1601 1508 Apostolicam
1646 1443 2063 1494 benedictionem.

149 1516 364 1582 Oportet
408 1516 616 1567 devotos
656 1521 706 1566 et
749 1515 965 1565 humiles
1010 1515 1147 1565 beati
1198 1515 1343 1565 Petri
1371 1514 1518 1580 filios
1563 1532 1673 1581 quoe
1714 1515 1787 1564 ad
1820 1516 2063 1566 bonorem

141 1594 334 1639 sanctce
374 1589 618 1638 Romanae
663 1588 889 1638 ecclesiae
922 1592 1159 1652 spectare
1187 1587 1518 1652 coynoverint
1545 1587 1796 1637 attentius
1835 1589 2060 1653 operari.

151 1660 293 1711 Unde
319 1660 582 1710 nobilitati
617 1665 716 1710 tuce
753 1660 986 1725 rogando
1013 1658 1340 1719 mandamus,
1379 1659 1445 1708 ut'
1472 1659 1714 1709 dilectum
1742 1658 1918 1723 filium
1943 1677 2061 1709 nos-

142 1738 279 1783 trum
319 1732 608 1782 Jolzannem
653 1731 992 1791 cardinalem,
1033 1731 1116 1780 cui
1156 1730 1293 1780 vices
1327 1735 1537 1780 nostras
1577 1730 1632 1779 in
1671 1731 1914 1795 partibus
1957 1732 2065 1781 illis

143 1804 504 1866 commisimus,
543 1808 836 1853 reverenter
878 1802 1136 1867 suscipias
1180 1807 1229 1852 et
1269 1803 1502 1852 bonores.
1580 1802 1871 1867 Episcopos
1906 1804 2064 1853 etiam

143 1881 295 1927 terroe
331 1882 447 1938 tuce,
489 1892 603 1926 cum
642 1875 705 1925 ab
747 1892 803 1924 eo
838 1874 1011 1925 vocati
1039 1872 1263 1938 fuerint,
1304 1874 1377 1923 ad
1400 1874 1674 1924 concilium
1699 1892 1847 1925 suum
1878 1873 2064 1939 facias

142 1948 426 1999 convenire.
496 1947 860 1998 Controversia
882 1963 991 2013 quoe
1010 1947 1148 1997 inter
1173 1947 1471 1997 Turstinum
1491 1946 1874 1997 Eboracensem
1891 1948 2066 1998 archi-

141 2022 449 2087 episcopum,
490 2025 539 2071 et
580 2020 843 2085 episcopos
885 2024 1036 2069 terroe
1069 2024 1166 2069 tuce
1199 2019 1289 2069 diu
1330 2019 1535 2085 ayitata
1572 2024 1665 2082 est,
1707 2019 1870 2069 eidem
1897 2021 2066 2085 leyato

139 2098 316 2143 nostro
374 2093 674 2158 diliyentius
732 2091 1089 2157 indagandam
1149 2091 1629 2157 discutiendamque
1681 2092 2065 2154 committimus,

128 2164 342 2230 finitam
392 2182 511 2215 vero
561 2164 870 2214 sententiam
918 2163 1232 2228 Apostolicoe
1281 2163 1421 2213 sedis
1463 2163 1672 2229 judicio
1725 2180 2063 2214 reservamus.

140 2238 286 2288 Data
314 2236 585 2297 Laterani,
625 2236 798 2285 idibus
824 2235 1045 2301 Aprilis.

252 2308 372 2358 Hac
429 2307 746 2358 auctoritate
807 2307 839 2356 J
844 2307 1079 2357 ohannes
1136 2306 1420 2373 praedictus
1478 2305 1740 2356 circuiens
1790 2306 2066 2373 Angliam,

141 2380 304 2431 etiam
332 2379 397 2429 ad
417 2397 596 2445 regem
620 2380 928 2429 Scottorum
948 2377 1123 2428 David
1146 2378 1382 2444 pervenit
1401 2377 1539 2445 apud
1559 2377 1780 2427 fluvium
1798 2379 2064 2441 Twedam,

141 2452 233 2519 qui
258 2451 705 2518 Northymbriam
740 2457 793 2500 et
820 2450 1046 2500 Loidam
1075 2449 1431 2512 disterminat,
1468 2450 1524 2499 in
1563 2450 1680 2499 1000
1707 2449 1799 2516 qui
1826 2450 2064 2501 Roches-

139 2524 279 2575 burh
310 2524 659 2573 11011111101111.α
735 2522 847 2573 Ubi
881 2522 1054 2572 officio
1091 2522 1374 2589 legationis
1414 2527 1647 2588 peracto,
1686 2522 1896 2572 rediens
1923 2522 2064 2589 apud

141 2595 474 2647 Londoniam
516 2594 800 2645 celebravit
840 2594 1142 2656 concilium,
1183 2594 1325 2661 quod
1364 2593 1428 2644 de
1467 2594 1714 2660 capitulis
1753 2593 1937 2645 subter
1972 2612 2063 2645 an-

139 2668 289 2719 nexis
316 2667 542 2718 habetur
567 2667 624 2716 in
649 2667 793 2717 hunc
819 2666 1054 2717 modum.

986 2817 1210 2851 MCXXVI.

248 2896 408 2947 Anno
437 2894 501 2946 ab
527 2893 898 2945 incarnat-ione
925 2893 1212 2944 Dominica
1239 2893 1477 2960 M.cxxvj‚
1513 2893 1854 2960 pontificatus
1883 2902 2063 2946 autem

142 2968 324 3019 domni
367 2985 515 3035 papae
559 2966 788 3017 Honorii
834 2966 1066 3016 Secundi
1112 2983 1251 3016 anno
1293 2966 1482 3033 primO,
1522 2972 1780 3032 regnante
1825 2967 2065 3033 piissimo

140 3046 192 3091 et
233 3040 462 3107 glorioso
492 3038 730 3090 Henrico
755 3039 1057 3105 Anglorum
1085 3056 1228 3105 rege,
1255 3037 1519 3088 Willelmi
1544 3038 1729 3105 magni
1754 3038 1881 3102 filio,
1923 3057 2065 3090 anno

140 3130 262 3163 vero
288 3112 440 3179 regni
459 3111 624 3178 ipsius
644 3129 760 3174 xxv,
784 3110 1050 3162 celebrata
1069 3117 1149 3161 est
1170 3109 1422 3178 synodusb
1445 3110 1742 3161 Lundoniae
1761 3111 1820 3160 in
1840 3112 2063 3163 ecclesia

222 3238 240 3255 ‘³
270 3231 561 3281 Rochesburh,
581 3243 676 3270 now
688 3229 940 3281 Roxburgh‚
959 3229 1043 3270 had
1059 3242 1203 3281 grown
1220 3229 1313 3270 into
1332 3229 1592 3281 importance
1608 3230 1745 3271 under
1764 3231 1837 3271 the
1857 3231 2064 3283 fostering

140 3298 234 3327 care
254 3286 299 3326 of
314 3286 466 3335 David,
485 3286 569 3326 earl
589 3286 635 3325 of
651 3285 950 3335 Cumberland‚
966 3285 1163 3336 previous
1178 3287 1222 3324 to
1237 3284 1304 3324 his
1319 3284 1528 3325 accession
1549 3288 1592 3325 to
1612 3286 1686 3326 the
1702 3285 1888 3326 Scottish
1907 3287 2064 3326 throne

140 3341 188 3379 in
208 3343 328 3390 1124,
358 3341 442 3380 and
461 3353 542 3380 was
561 3340 808 3381 henceforth
828 3340 1062 3380 numbered
1081 3342 1278 3391 amongst
1302 3340 1376 3380 the
1395 3341 1512 3392 royal
1531 3340 1764 3381 residences
1783 3341 1829 3380 in
1850 3341 2062 3381 Scotland.

143 3394 267 3435 Some
286 3394 469 3488 rimains
489 3395 535 3435 of
560 3395 633 3435 the
657 3395 785 3435 castle
815 3407 914 3447 may
933 3398 1006 3447 yet
1038 3396 1089 3435 be
1117 3407 1227 3445 seen,
1256 3394 1337 3435 but
1370 3398 1447 3435 not
1467 3407 1491 3434 a
1521 3395 1682 3447 vestige
1713 3396 1760 3436 of
1784 3396 1859 3436 the
1891 3396 2064 3436 ancient

144 3450 309 3500 boroug
344 3481 351 3489 .

227 3502 242 3527 ὂ
273 3503 483 3543 Batonius
503 3503 666 3544 derives
683 3503 750 3543 his
769 3517 875 3556 copy
896 3505 941 3544 of
949 3505 1024 3545 the
1039 3506 1126 3545 acts
1142 3504 1192 3544 of
1203 3504 1289 3544 this
1305 3504 1450 3556 Synod
1465 3505 1574 3545 from
1590 3504 1783 3544 William
1799 3504 1845 3544 of
1859 3504 2063 3544 Malmes-

143 3559 266 3610 bury.
322 3558 430 3609 Pagi
460 3558 672 3598 mentions
700 3559 774 3598 the
803 3559 950 3599 letters
977 3560 1022 3599 of
1046 3559 1281 3609 Honorius,
1312 3559 1452 3599 which
1479 3560 1532 3599 110
1552 3572 1684 3599 seems
1710 3561 1755 3598 to
1776 3559 1883 3599 have
1907 3559 2063 3598 known

143 3612 335 3664 through
362 3612 559 3664 Symeon.
617 3612 688 3653 He
708 3613 793 3653 also
812 3614 987 3664 charges
1006 3613 1097 3654 him
1116 3614 1221 3653 with
1242 3614 1417 3666 making
1436 3627 1461 3653 a
1478 3614 1658 3653 mistake
1678 3626 1722 3653 as
1741 3615 1785 3653 to
1811 3613 1885 3653 the
1905 3613 2000 3653 date
2021 3613 2067 3652 of

144 3667 218 3706 the
231 3666 375 3719 Synod
388 3680 433 3706 or
446 3667 638 3716 Council,
651 3667 791 3707 which
812 3668 963 3708 should
981 3669 1045 3718 be,
1062 3669 1115 3709 he
1136 3681 1242 3720 says,
1260 3671 1366 3708 1125
1388 3669 1471 3708 and
1488 3671 1608 3718 1126,
1629 3668 1712 3707 and
1728 3669 1804 3707 not
1820 3670 1927 3707 1126
1949 3668 2062 3720 only.
