2384 4126
806 413 1073 446 HlsromAE
1114 412 1498 446 CONTINUA'HO.
2012 401 2115 450 109

308 540 546 591 Gelasius
585 540 870 605 episcopus,
909 556 1173 590 servorum
1211 539 1313 589 Dei
1347 556 1544 602 servus,
1583 540 1961 590 venerabilibus
1988 539 2126 605 fra-.

195 613 378 675 tribus,
420 612 843 678 archiepiscopis,
883 611 1154 677 episcopis,
1192 611 1483 673 abbatibus,
1524 611 1746 674 clericis,
1782 612 2115 677 principibus

195 690 245 736 et
290 685 488 736 coeteris
513 701 616 749 per
662 684 890 733 Galliam
922 681 1187 748 fidelibus,
1226 684 1447 734 salutem
1487 688 1537 733 et
1574 683 1931 749 Apostolicam
1969 684 2113 734 bene-

196 757 487 807 dictionem.
570 756 703 814 Quia
738 772 827 806 vos
866 755 1113 805 Romana>
1144 754 1369 805 ecclesiae
1402 755 1629 805 membra
1656 756 1799 817 estis,
1839 772 1949 821 quoe
1974 756 2030 805 in
2056 773 2116 806 ea

192 845 355 894 nuper
381 833 502 878 acta
527 833 649 879 sunt
675 827 940 878 dilectioni
955 831 1137 877 vestroe
1156 826 1455 892 siyniflcare
1471 827 1782 877 curavimus.
1849 827 2116 893 Siquidem

183 905 306 966 post
342 900 637 950 electionem
663 904 896 950 nostram
932 899 1169 949 dominus
1194 898 1489 964 Imperator
1515 897 1721 964 furtive
1755 904 1804 950 et
1842 899 2115 965 inopinata

192 973 465 1022 velocitate
503 972 722 1022 Romam
762 971 985 1033 veniens,
1026 987 1119 1021 nos
1153 971 1329 1036 effredi
1356 971 1618 1036 compulit.
1697 971 1891 1021 Pacem
1924 977 2115 1037 postea

192 1045 347 1095 minis
373 1049 422 1094 et
450 1043 736 1094 terroribus
759 1043 1067 1109 postulavit,
1109 1042 1285 1092 dicens
1310 1060 1363 1093 se
1376 1041 1653 1107 facturum
1681 1060 1791 1109 quoe
1820 1049 2001 1109 posset
2027 1043 2115 1093 ubi

191 1133 283 1166 nos
310 1117 355 1166 ei
366 1116 670 1181 juramento
686 1116 843 1181 pacis
870 1115 1233 1165 certitudinem
1246 1113 1562 1179 faceremus.
1640 1115 1732 1164 Ad
1755 1132 1864 1181 quae
1891 1132 1984 1166 nos
2009 1115 2114 1165 ista

191 1188 565 1254 respondimus,
641 1188 722 1237 De
744 1187 1095 1238 controversia
1123 1202 1232 1251 quoe
1251 1186 1389 1237 inter
1408 1187 1678 1237 ecclesiam
1704 1192 1754 1237 et
1778 1204 1992 1254 reynum
2019 1192 2114 1249 est,

191 1262 274 1310 vel
298 1260 619 1311 conventioni
649 1260 731 1310 vel
753 1259 982 1325 justitioe
1022 1258 1239 1309 libenter
1273 1259 1648 1324 acquiescimus
1675 1259 1783 1309 loco
1812 1264 1860 1310 et
1888 1265 2121 1326 tempore

192 1332 513 1398 competenti,
564 1332 822 1393 videlicet,
866 1332 949 1381 vel
995 1330 1291 1380 Mediolani
1333 1331 1415 1381 vel
1462 1331 1720 1381 Cremona>
1769 1331 1823 1381 in
1863 1332 2114 1398 proa’ima

190 1405 347 1454 Beati
372 1405 528 1454 Lucae
541 1403 858 1469 festivitate,
898 1407 948 1453 et
960 1400 1202 1467 fratrum
1228 1407 1524 1453 nostrorum
1535 1403 1744 1469 judicio
1771 1404 1853 1454 vel
1878 1404 2111 1465 consilio,

193 1477 282 1542 qui
309 1493 340 1525 a
366 1476 477 1526 Deo
504 1480 626 1525 sunt
651 1475 865 1541 judices
905 1474 961 1524 in
998 1475 1216 1525 ecclesia
1257 1475 1543 1536 constituti,
1584 1480 1635 1525 et
1659 1475 1770 1525 sine
1797 1475 1980 1541 quibus
2006 1476 2114 1526 hoec

191 1565 351 1598 causa
392 1547 620 1598 tractari
664 1565 765 1597 non
798 1551 992 1612 potest.
1069 1546 1145 1597 Et
1190 1546 1432 1612 quoniam
1474 1547 1710 1596 dominus
1739 1547 2036 1612 Imperator
2080 1565 2112 1598 a

189 1620 337 1670 nobis
376 1620 709 1670 securitatem
749 1618 948 1684 quaerit,
989 1635 1083 1668 nos
1107 1618 1261 1668 verbo
1297 1623 1347 1668 et
1372 1618 1569 1684 scripto
1596 1619 1702 1668 ista
1729 1619 2111 1684 promittimus,

189 1692 292 1742 nisi
318 1692 427 1756 ipse
453 1691 662 1741 interim
688 1690 941 1756 impediat
963 1712 977 1739 .·
1021 1690 1157 1739 alias
1184 1690 1318 1739 enim
1351 1690 1665 1740 securitates
1681 1691 1995 1755 promittere
2021 1708 2114 1741 nec

190 1765 434 1813 honestas
471 1763 714 1824 ecclesice,
754 1779 847 1812 nec
887 1761 1198 1812 consuetudo
1243 1766 1337 1811 est.
1413 1762 1513 1811 Ille
1558 1761 1709 1824 enim,
1751 1762 1834 1812 die
1873 1763 2115 1813 videlicet

178 1840 304 1901 post
324 1834 618 1885 electionem
645 1840 876 1885 nostram
899 1833 1297 1899 quadrayesimo
1325 1838 1532 1899 quart0,
1572 1834 1951 1884 Bracarensem
1978 1834 2112 1900 epis-

190 1924 386 1972 copum,
429 1923 564 1956 anno
598 1906 874 1971 praeterito
917 1923 948 1955 a
991 1905 1196 1956 domino
1229 1905 1613 1970 praedecessore
1645 1910 1823 1956 nostro
1861 1906 2115 1957 Paschali

177 1996 325 2044 papa
365 1979 420 2028 in
462 1979 679 2029 concilio
715 1977 999 2028 Beneventi
1037 1977 1552 2040 eoecommunicatum,
1593 1977 1648 2027 in
1674 1977 1862 2028 matris
1888 1978 2114 2029 ecclesiae

186 2051 504 2101 invasionem
547 2050 780 2116 inyessit.
864 2050 963 2108 Qui
1008 2050 1166 2099 etiam
1212 2049 1332 2099 dum
1365 2067 1469 2115 per
1512 2066 1696 2100 manus
1736 2055 1948 2100 nostras
1992 2051 2114 2101 olim

177 2123 404 2189 pallium
430 2123 730 2188 accepisset,
748 2122 910 2173 eidem
931 2122 1135 2172 domino
1155 2126 1332 2172 nostro
1360 2126 1409 2172 et
1436 2122 1709 2172 catholicis
1734 2122 2116 2173 successoribus

189 2197 317 2262 ejus,
358 2211 572 2261 quorum
598 2195 806 2261 primus
832 2211 922 2260 eqo
948 2211 1079 2254 sum,
1108 2193 1424 2259 fidelitatem
1449 2194 1677 2259 juravit.
1754 2194 1818 2244 In
1844 2195 1940 2245 hoc
1968 2199 2114 2245 tanto

178 2267 424 2333 facinore
451 2267 645 2317 nullum
673 2266 734 2316 de
759 2266 993 2316 Romano
1022 2266 1175 2327 clero,
1203 2266 1314 2315 Deo
1336 2266 1564 2331 yratias,
1600 2265 1896 2331 Imperator
1920 2266 2116 2316 socium

191 2339 389 2390 habuit.
487 2339 594 2388 Sed
647 2337 941 2388 Guibertini
990 2337 1106 2398 soli,
1158 2337 1425 2387 Romanus
1476 2337 1538 2386 de
1590 2338 1784 2387 Sancto
1836 2338 2114 2398 Marcello,

197 2411 406 2461 Gentius
433 2410 520 2476 qui
547 2410 818 2460 dicebatur
845 2409 1029 2459 Sancti
1061 2408 1353 2475 Grisoyoni,
1395 2414 1445 2459 et
1469 2408 1622 2459 Euzo
1651 2409 1739 2475 qui
1762 2426 1865 2475 per
1890 2410 2116 2459 Daciam

192 2484 350 2533 multo
379 2487 603 2547 tempore
630 2482 979 2531 debacchatus
1005 2485 1098 2543 est,
1122 2486 1228 2531 tam
1247 2479 1492 2545 infamem
1513 2481 1742 2546 yloriam
1769 2481 2112 2532 celebrarunt.

202 2556 395 2605 Vestroe
421 2554 584 2620 iyitur
613 2553 943 2619 ea‘perientioe
979 2553 1274 2603 litterarum
1305 2552 1645 2618 proesentium
1678 2558 1942 2618 praecepto
1970 2571 2114 2603 man-

193 2627 393 2688 damus,
432 2630 489 2676 ut
533 2643 688 2691 super
737 2626 819 2675 his
870 2625 1122 2675 communi
1161 2641 1264 2690 per
1312 2625 1414 2674 Dei
1458 2624 1693 2690 qratiam
1745 2625 2115 2677 deliberatione

192 2704 498 2760 tractantes,
547 2697 619 2747 ad
660 2698 848 2748 matris
887 2697 1113 2747 ecclesia>
1152 2697 1398 2747 ultionem
1440 2696 1790 2747 communibus
1826 2703 2114 2761 praestante

191 2772 303 2821 Deo
355 2769 588 2831 aua‘iliis,
641 2769 778 2820 sicut
828 2774 1064 2834 oportere
1115 2769 1441 2835 coynoscitis,
1508 2768 1872 2835 accinyamini.
1967 2770 2114 2820 Data

198 2844 375 2905 Caitoe,
415 2841 518 2908 xvij
550 2842 650 2891 kal.
680 2841 998 2892 Februarii.²‘

302 2914 404 2965 His
430 2912 852 2964 discurrentibus
894 2931 988 2980 per
1027 2912 1323 2980 provincias
1359 2911 1572 2974 litteris,
1612 2911 1829 2962 excitati
1867 2918 2115 2979 potentes

191 2986 386 3054 quique
438 3003 560 3037 cum
611 2984 967 3036 mediocribus
1024 3002 1302 3035 occurrere
1352 2983 1666 3050 Apostolico
1686 3006 1700 3046 3
1762 2990 1815 3034 et
1866 2985 2113 3035 certatim

190 3059 448 3125 parabant
474 3057 729 3108 interesse
771 3056 997 3108 concilio
1033 3057 1174 3124 quod
1208 3057 1320 3124 ipse
1346 3055 1610 3123 disposuit
1637 3074 1690 3106 se
1726 3056 1901 3107 media
1929 3056 2112 3108 Quad-

190 3130 451 3197 ragesima
477 3129 661 3180 Remis
688 3128 1097 3179 celebraturum.

191 3276 345 3316 tended
365 3288 420 3315 no
441 3275 613 3316 farther.
673 3274 916 3327 Supposing
934 3274 1138 3314 Florence
1158 3275 1202 3313 to
1222 3273 1328 3313 have
1354 3273 1543 3325 brought
1569 3273 1691 3312 down
1722 3273 1789 3312 his
1818 3273 1934 3313 work
1965 3275 2009 3313 to
2040 3273 2113 3314 the

189 3330 335 3382 period
363 3331 574 3371 indicated
604 3330 650 3370 in
680 3330 754 3371 the
782 3332 883 3370 note
913 3329 1098 3370 referred
1128 3331 1185 3378 to,
1215 3330 1525 3377 A.D.1108-14,
1555 3327 1591 3367 it
1611 3341 1692 3367 was
1721 3329 1889 3367 natural
1915 3329 2009 3368 that
2039 3329 2113 3368 the

189 3386 392 3426 brethren
413 3386 458 3425 of
482 3386 548 3425 his
566 3386 711 3435 house,
731 3386 787 3437 by
802 3385 942 3425 whom
962 3384 1029 3424 his
1049 3383 1196 3423 merits
1218 3396 1327 3424 were
1348 3396 1391 3423 so
1411 3383 1562 3434 highly
1581 3383 1860 3434 appreciated,
1891 3383 2042 3422 should
2062 3384 2113 3422 be

190 3440 368 3480 anxious
387 3441 493 3481 after
518 3440 585 3480 his
615 3440 742 3481 death
773 3445 818 3480 to
848 3442 1017 3490 present
1050 3439 1124 3478 the
1154 3438 1279 3478 fruits
1310 3438 1356 3478 of
1380 3438 1446 3477 his
1479 3438 1647 3478 labours
1674 3441 1719 3478 to
1750 3438 1823 3477 the
1857 3437 1999 3487 world,
2029 3438 2112 3476 and

191 3495 357 3547 equally
383 3495 551 3535 natural
579 3495 675 3535 that
701 3495 805 3547 they
835 3494 987 3534 should
1005 3494 1087 3534 add
1105 3496 1151 3533 to
1170 3493 1288 3533 them
1309 3505 1333 3532 a
1356 3492 1653 3533 continuation
1673 3505 1730 3544 up
1750 3494 1794 3532 to
1814 3492 1887 3532 the
1907 3491 2051 3543 period
2071 3491 2119 3531 of

189 3549 463 3601 publication.
736 3576 739 3578 -

276 3611 294 3628 ¹⁴
325 3604 428 3644 This
457 3604 605 3655 epistle
635 3604 670 3644 is
700 3604 809 3644 from
838 3604 1035 3653 Eadmer,
1065 3602 1169 3643 with
1203 3602 1335 3655 slight
1354 3602 1494 3642 verba]
1522 3601 1762 3651 variations,
1792 3613 1835 3640 as
1864 3600 1899 3640 is
1927 3600 2012 3640 also
2038 3600 2112 3640 the

194 3658 408 3710 following
437 3659 686 3710 paragraph,
715 3672 755 3710 p.
778 3662 871 3708 122,
901 3659 965 3699 ed.
987 3658 1150 3699 Selden.
1209 3657 1299 3697 'Phe
1332 3657 1459 3697 letter
1485 3656 1519 3696 is
1550 3656 1676 3708 given
1702 3655 1747 3694 in
1767 3654 1989 3705 Baronius,
2018 3655 2113 3695 who

193 3713 354 3753 derives
373 3713 408 3752 it
429 3713 537 3753 from
557 3713 749 3753 william
770 3714 816 3752 of
840 3713 1144 3763 Malmesbury.
1205 3712 1249 3751 It
1269 3712 1303 3751 is
1323 3711 1493 3762 printed
1512 3711 1557 3749 in
1577 3710 1733 3750 several
1753 3709 1901 3760 places.
