2384 4126
286 334 354 385 74
901 352 1173 386 sYMEole
1215 353 1610 387 DUNELMENsrs

1072 497 1429 532 DCCCLXXXIV.

396 571 611 622 “Anno
663 571 1047 640 Dccc.lxxxiiij,
1091 573 1339 624 Marinus
1391 592 1530 641 papa
1581 573 1781 624 scolam
1834 574 2109 624 Saxonum
2158 573 2217 623 in

286 647 321 671 “
342 643 517 694 Roma
553 644 884 695 morantium
921 663 1017 712 pro
1049 663 1229 697 amore
1264 653 1317 697 et
1348 645 1721 713 deprecatione
1748 645 1955 696 Elfredi
1979 646 2120 713 regis
2150 645 2215 696 ab

288 720 322 743 “
343 716 492 766 omni
517 716 722 767 tributo
750 723 803 768 et
834 717 1013 768 telone
1025 718 1093 784 (o)
1128 718 1374 770 liberavit
1400 718 1662 785 benigne,
1705 718 1799 785 qui
1837 718 2001 769 etiam
2043 718 2217 768 multa

286 792 322 816 ‘⁷‘
342 788 484 839 dona
522 789 780 855 praedicto
821 790 938 857 regi
977 790 1293 842 transmisit.
1372 791 1526 842 Inter
1561 809 1679 858 quae
1705 790 1852 841 dedit
1878 790 1928 841 ei
1953 808 2063 841 non
2094 808 2214 857 par-

283 864 318 888 “
338 879 461 911 vam
485 860 631 911 illius
660 867 859 912 sanctae
886 862 1055 912 crucis
1077 868 1286 929 partem
1312 862 1370 913 in
1391 881 1496 930 qua
1515 863 1782 914 Dominus
1810 868 1993 913 noster
2014 863 2048 913 J
2052 862 2211 913 hesus

286 937 321 960 “
343 933 589 984 Christus
629 951 725 1000 pro
770 933 1054 984 hominum
1096 934 1268 985 salute
1308 935 1579 1002 pependit.
1655 935 1860 986 Eadem
1898 941 2217 1002 tempestate

288 1005 487 1056 “idem
531 1005 726 1073 praesul
764 1005 1131 1056 sanctissimus
1169 1006 1311 1057 viam
1345 1007 1710 1058 universitatis
1748 1007 1897 1070 adiit,
1937 1007 2215 1057 transmit-

287 1077 509 1128 “tendo
545 1077 795 1144 spiritum
832 1077 898 1127 ad
924 1078 1103 1128 Deum
1133 1078 1243 1131 Qui
1280 1079 1427 1129 dedit
1460 1079 1633 1129 illum.
1711 1080 2006 1130 Praedictus
2044 1080 2215 1147 Paga-

285 1153 323 1177 “
342 1166 538 1199 norum
569 1149 850 1211 exercitus,
890 1167 984 1216 per
1009 1150 1209 1200 fiumen
1237 1151 1423 1201 Suune
1450 1151 1631 1202 adiens
1659 1151 1981 1214 Embenum,
2020 1151 2098 1202 ibi
2122 1169 2219 1219 per

287 1225 322 1249 “
343 1239 547 1272 annum
573 1221 930 1288 grassatur.”'²

398 1293 580 1360 Hujus
611 1293 752 1360 regis
780 1292 990 1344 Alfredi
1023 1299 1264 1361 tempore
1290 1294 1439 1345 venit
1465 1295 1723 1362 Angliam
1752 1295 1785 1346 J
1790 1294 2027 1346 ohannes
2064 1296 2218 1346 Scot-

284 1370 391 1428 tus,
413 1364 494 1416 vir
519 1365 836 1433 perspicacis
862 1365 1068 1432 ingenii
1095 1373 1149 1417 et
1168 1366 1357 1417 multae
1381 1366 1666 1430 facundiae,
1689 1367 1782 1435 qui
1808 1367 2011 1418 dudum
2030 1368 2220 1419 relicta

284 1437 460 1505 patria
486 1437 771 1488 Franciam
798 1438 865 1489 ad
892 1438 1158 1489 Karolum
1185 1439 1411 1490 Calvum
1437 1439 1742 1491 transierat.
1818 1440 1869 1490 A
1890 1458 1996 1507 quo
2022 1458 2220 1506 magna

284 1510 598 1577 dignatione
640 1516 937 1578 suscethS,
973 1510 1321 1562 familiarium
1359 1512 1595 1578 partium
1634 1512 1967 1575 habebatur3
2023 1512 2218 1563 transi-

286 1582 551 1650 gebatque
590 1600 714 1634 cum
753 1601 814 1634 eo
853 1589 965 1633 tam
1001 1583 1139 1634 seria
1165 1602 1326 1651 quam
1346 1584 1489 1652 joca,
1521 1584 1936 1651 individuusque
1964 1603 2140 1636 comes
2166 1591 2220 1636 et

285 1673 505 1717 mensae,
552 1660 606 1706 et
646 1655 895 1706 cubiculi.
992 1656 1125 1707 Erat
1164 1657 1351 1708 multae
1388 1656 1598 1708 facetiae
1635 1657 1965 1725 ingenuique
2003 1657 2219 1725 leporis,

286 1745 516 1795 quorum
543 1727 786 1794 exempla
810 1727 1075 1795 hodieque
1103 1734 1369 1791 constant,
1398 1735 1460 1779 ut
1487 1735 1614 1780 sunt
1639 1729 1759 1781 ista.
1837 1730 2128 1781 Assederat
2155 1730 2222 1781 ad

284 1817 528 1850 mensam
556 1806 744 1850 contra
767 1817 951 1866 regem
978 1800 1044 1851 ad
1072 1800 1232 1850 aliam
1263 1819 1462 1852 mensae
1496 1808 1720 1869 partem.
1798 1802 2219 1853 Procedentibus

286 1871 493 1939 poculis
534 1872 975 1939 consumptisque
1020 1872 1257 1935 ferculis,
1301 1873 1556 1937 Karolus,
1602 1874 1781 1925 fronte
1820 1874 2059 1937 hilarior,
2099 1881 2221 1942 post

287 1944 532 2010 quaedam
582 1944 703 2007 alia,
757 1961 880 1995 cum
920 1944 1139 1995 vidisset
1182 1946 1215 1995 J
1221 1945 1490 1997 ohannem
1542 1946 1799 2013 quiddam
1843 1946 2032 1998 fecisse
2078 1947 2221 2014 quod

289 2016 629 2067 Gallicanam
674 2016 984 2067 comitatem
1028 2016 1339 2080 offenderet,
1386 2018 1591 2070 urbane
1641 2018 1909 2086 increpuit
1961 2025 2014 2070 et
2066 2019 2218 2082 dixit,

287 2092 323 2116 “
342 2088 491 2141 Quid
516 2088 682 2139 distat
708 2088 851 2140 inter
879 2089 1095 2139 Sottum
1125 2096 1178 2140 et
1202 2090 1449 2141 Scottum
1460 2090 1522 2140 ‘?’'
1587 2090 1798 2141 Retulit
1825 2091 1915 2143 ille
1943 2092 2220 2159 solempne

287 2160 582 2212 convitium
626 2160 685 2211 in
727 2167 1016 2223 auctorem,
1061 2168 1115 2212 et
1155 2162 1450 2229 respondit,
1498 2163 1679 2214 “Haec
1719 2181 1906 2214 mensa
1946 2165 2219 2215 tantum.’'

289 2233 437 2285 Quid
462 2233 565 2284 hoc
592 2232 736 2284 dicto
762 2233 1028 2284 facetius?
1093 2234 1526 2301 Interrogaverat
1564 2253 1655 2286 rex
1695 2235 1759 2287 de
1797 2236 2067 2287 differenti
2105 2255 2218 2287 mo-

285 2323 409 2356 rum
449 2305 647 2369 studiO,
686 2305 963 2373 respondit
1003 2306 1280 2357 Johannes
1320 2307 1385 2358 de
1422 2307 1529 2358 loci
1564 2307 1799 2359 distante
1836 2309 2023 2376 spatio.
2102 2309 2221 2361 Nec

286 2395 412 2429 vero
447 2396 540 2429 rex
574 2384 875 2429 commotus
916 2384 1014 2441 est,
1056 2378 1199 2446 quia,
1239 2379 1500 2431 miraculo
1539 2380 1778 2432 scientiae
1810 2380 1976 2448 ipsius
2017 2388 2219 2449 cathS,

287 2450 539 2501 adversus
575 2450 898 2518 magistrum
931 2468 1031 2502 nec
1070 2451 1216 2503 dicto
1256 2451 1536 2519 insurgere
1571 2453 1750 2516 vellet,
1795 2453 1871 2504 sic
1912 2454 2055 2504 enim
2097 2472 2220 2505 eum

286 2522 484 2574 usitate
519 2523 757 2575 vocabat.
852 2523 994 2574 Item
1034 2541 1158 2574 cum
1195 2524 1309 2591 regi
1347 2524 1651 2576 convivanti
1690 2525 1937 2577 minister
1983 2526 2221 2594 patinam

287 2594 590 2658 obtulisset,
631 2613 750 2662 quae
788 2595 921 2646 duos
962 2595 1133 2663 pisces
1166 2597 1507 2664 praegrandes
1536 2597 1746 2665 adjecto
1777 2615 1887 2648 uno
1913 2598 2221 2650 minusculo

287 2667 606 2730 contineret,
647 2668 794 2718 dedit
829 2667 921 2719 ille
955 2668 1233 2734 magistro,
1272 2676 1334 2719 ut
1362 2669 1805 2720 accumbentibus
1834 2670 2041 2722 duobus
2063 2672 2222 2739 juxta

288 2757 344 2790 se
366 2739 573 2790 clericis
600 2739 975 2806 departiretur.
1053 2741 1227 2791 Erant
1253 2740 1335 2790 illi
1360 2741 1627 2808 giganteae
1647 2742 1821 2805 molis,
1843 2742 1955 2809 ipse
1977 2744 2221 2810 perexilis

287 2811 540 2878 corporis.
636 2812 774 2862 Tum
814 2811 906 2878 qui
944 2830 1153 2879 semper
1191 2812 1396 2880 aliquid
1439 2814 1654 2864 honesti
1698 2815 2219 2880 comminiscebatur,

285 2889 350 2933 ut
375 2883 624 2934 laetitiam
650 2883 1051 2934 convivantium
1078 2884 1352 2947 excitaret,
1379 2885 1605 2936 retentis
1635 2886 1738 2936 sibi
1766 2886 1973 2937 duobus
2001 2888 2216 2955 majori-

286 2955 407 3017 bus,
450 2973 616 3006 unam
656 2955 921 3006 minorem
958 2956 1165 3007 duobus
1206 2956 1498 3007 distribuit.
1576 2957 1845 3024 Arguenti
1878 2958 2221 3026 iniquitatem

288 3026 594 3094 partitionis
629 3027 761 3094 regi,
796 3028 1084 3090 “Immo,''
1123 3028 1319 3094 inquit,
1363 3029 1550 3080 “bene
1587 3029 1691 3080 feci
1732 3036 1786 3081 et
1818 3048 1983 3097 aeque.
2074 3032 2221 3083 Nam

287 3099 376 3150 hic
418 3105 499 3150 est
532 3117 673 3149 unus
715 3099 967 3166 parVUS,”
1012 3100 1076 3151 de
1117 3118 1173 3151 se
1208 3100 1409 3164 dicens,
1447 3106 1552 3152 “et
1590 3102 1696 3152 duo
1735 3103 2021 3169 grandeS,”
2048 3104 2219 3171 pisces

286 3177 532 3238 tangens,
609 3172 859 3238 Itemque
898 3171 964 3222 ad
1004 3189 1092 3223 eos
1133 3190 1435 3236 conversus,
1473 3173 1636 3224 “Hic
1676 3181 1802 3225 sunt
1837 3175 1944 3226 duo
1978 3177 2217 3244 magni,'’

289 3244 508 3295 clericos
536 3243 787 3306 innuens,
826 3248 932 3294 “et
967 3262 1109 3294 unus
1150 3244 1431 3311 exiguus,”
1459 3246 1660 3313 piscem
1700 3246 2052 3299 nihilominus
2098 3255 2217 3300 tan-

289 3334 435 3382 gens.
513 3315 695 3366 Caroli
732 3333 858 3382 ergo
898 3322 1091 3382 rogatu
1129 3317 1458 3368 Ierarchiam
1497 3318 1748 3386 Dionysii
1785 3320 2129 3388 Areopagitae
2159 3322 2217 3372 in

288 3388 549 3439 Latinum
575 3387 640 3439 de
669 3388 877 3451 Graeco,
905 3387 1127 3439 verbum
1154 3407 1182 3439 e
1207 3390 1368 3440 verbo
1394 3391 1690 3441 transtulit.
1771 3392 1895 3444 Quo
1934 3394 1995 3443 fit
2033 3399 2095 3443 ut
2131 3394 2217 3445 vix

287 3460 625 3527 intelligatur
665 3460 863 3523 Latina
901 3460 1075 3523 litera,
1118 3479 1237 3528 quae
1264 3462 1600 3514 volubilitate
1635 3464 1807 3530 magis
1842 3465 2030 3516 Graeca
2057 3484 2218 3534 quam

370 3619 389 3637 n
421 3611 482 3651 To
501 3609 588 3650 this
607 3610 729 3661 point
748 3609 783 3650 is
805 3610 911 3651 from
931 3611 1146 3653 Florence.
1206 3612 1296 3653 The
1325 3613 1428 3665 long
1458 3613 1671 3654 narrative
1691 3614 1831 3655 which
1853 3613 2011 3654 follows
2031 3617 2215 3666 respect-

287 3668 364 3720 ing
383 3666 414 3708 J
417 3667 604 3708 ohannes
625 3666 775 3707 Scotus
795 3666 830 3706 is
850 3666 960 3707 from
981 3667 1054 3708 the
1074 3667 1169 3708 Life
1190 3668 1236 3708 of
1260 3668 1461 3710 Aldhelm
1481 3671 1538 3722 by
1558 3669 1751 3710 William
1772 3670 1818 3710 of
1844 3670 2147 3723 Malmesbury.
