2384 4126
326 388 395 436 14
931 404 1205 438 SYMEoNIs
1247 402 1640 437 DUNELMENffis

430 529 637 581 Eodem
663 547 787 581 vero
827 549 967 582 anno
1001 530 1304 583 reverendae
1341 529 1612 581 memoriae
1638 529 1785 578 Acca
1820 526 2095 593 episcopus
2131 523 2254 575 sub-

323 601 531 653 levatus
559 608 639 653 est
663 602 720 652 in
746 603 1022 670 regionem
1047 603 1394 654 viventium.⁷'²
1466 602 1599 652 Erat
1632 600 1745 667 ipse
1777 599 1968 649 beatus
2002 597 2259 648 strenuis-

326 674 494 725 simus
521 680 661 738 actu,
691 680 744 726 et
781 693 959 726 coram
997 676 1115 726 Deo
1152 681 1204 726 et
1238 674 1548 725 hominibus
1582 671 1916 737 magnificus.
1995 670 2064 720 In
2091 669 2256 720 eccle-

326 745 554 797 siasticae
582 765 790 814 quoque
825 747 1184 798 institutionis
1218 747 1419 813 regulis
1461 744 1860 796 sollertissimus
1900 742 2168 804 extiterat,
2206 746 2260 792 et

326 836 495 885 usque
523 818 651 868 dum
677 819 897 886 praemia
930 819 1031 886 piae
1073 819 1368 870 devotionis
1411 817 1585 885 capiat
1625 816 1850 867 existere
1881 832 1990 864 non
2030 813 2257 876 desistit,

326 895 515 957 utpote
561 890 652 957 qui
698 909 728 941 a
770 891 1001 958 pueritia
1044 890 1103 941 in
1154 891 1296 942 clero
1347 889 1671 941 sanctissimi
1716 894 1875 954 atque
1916 887 2033 937 Deo
2076 885 2256 936 dilecti

326 963 487 1025 Bosa,
514 963 867 1014 Eboracensis
894 962 1144 1030 episcopi,
1170 962 1409 1013 nutritus
1430 968 1589 1028 atque
1617 960 1858 1012 eruditus
1886 965 1981 1010 est.
2048 957 2260 1008 Deinde

329 1034 396 1084 ad
458 1034 773 1085 Wilfridum
837 1035 1141 1101 episcopum
1192 1052 1283 1101 spe
1337 1034 1572 1085 melioris
1633 1032 1890 1100 propositi
1955 1030 2258 1092 adveniens,

328 1123 544 1157 omnem
570 1106 628 1155 in
655 1107 770 1174 ejus
796 1106 1050 1173 obsequio
1077 1123 1242 1173 usque
1271 1106 1336 1156 ad
1371 1106 1579 1157 obitum
1616 1106 1729 1172 ejus
1765 1103 1994 1171 explevit
2026 1109 2256 1154 aetatem.

329 1178 471 1228 Cum
516 1195 620 1244 quo
665 1178 826 1229 etiam
874 1178 1104 1228 Romam
1148 1177 1384 1240 veniens,
1436 1177 1610 1227 multa
1657 1177 1768 1226 illic
1819 1193 1937 1242 quae
1979 1175 2038 1225 in
2087 1174 2262 1242 patria

326 1249 640 1316 nequiverat
682 1249 916 1300 ecclesiae
951 1255 1148 1300 sanctae
1184 1249 1436 1299 instituta
1474 1248 1632 1299 utilia
1665 1248 1870 1308 didicit,
1907 1253 1961 1298 et
1996 1247 2105 1297 suis
2132 1246 2257 1297 sub-

321 1321 481 1389 jectis
530 1321 770 1371 tradidit.
866 1321 1181 1371 Sustollitur
1227 1322 1457 1372 Sanctus
1508 1320 1573 1371 de
1622 1319 1873 1387 praesenti
1923 1319 2116 1369 saeculo
2165 1318 2255 1386 xiij

328 1393 436 1444 kal.
488 1393 845 1456 Novembris,
911 1395 1064 1461 cujus
1118 1393 1429 1460 perducitur
1488 1392 1706 1460 spiritus
1771 1392 1836 1443 ab
1898 1391 2125 1458 Angelis
2194 1391 2261 1441 ad

327 1465 572 1516 bravium
624 1483 866 1533 supernae
910 1466 1182 1517 felicitatis
1198 1487 1212 1527 5
1273 1483 1463 1532 corpus
1507 1482 1631 1516 vero
1677 1465 1793 1532 ejus
1839 1464 1905 1515 ad
1945 1463 2260 1515 orientalem

326 1537 541 1605 plagam
593 1544 743 1589 extra
782 1538 1042 1605 parietem
1082 1538 1317 1589 ecclesiae
1360 1537 1867 1604 Haugustaldensis,
1912 1555 2072 1603 quam
2109 1535 2256 1603 xxiiij

329 1610 484 1660 annis
527 1610 822 1677 pontificali
859 1610 996 1661 rexit
1029 1610 1311 1677 dignitate,
1348 1610 1618 1677 sepultum
1656 1616 1736 1660 est
1755 1631 1769 1672 3
1813 1609 2036 1676 duaeque
2079 1626 2261 1659 cruces

326 1681 550 1748 lapideae
586 1682 820 1733 mirabili
854 1683 1106 1733 caelatura
1140 1683 1403 1734 decoratae
1445 1682 1632 1749 positae
1665 1687 1809 1744 sunt,
1846 1700 1953 1731 una
1989 1680 2056 1731 ad
2083 1686 2259 1748 caput,

330 1754 435 1804 alia
462 1754 528 1804 ad
553 1754 714 1821 pedes
742 1755 873 1822 ejus
953 1755 1021 1805 In
1049 1772 1272 1821 quarum
1302 1774 1426 1818 una,
1471 1772 1587 1822 quae
1623 1754 1826 1805 scilicet
1863 1753 1929 1804 ad
1965 1759 2125 1821 caput
2161 1759 2258 1816 est,

326 1826 497 1877 literis
521 1826 853 1893 insculptum
881 1833 978 1889 est,
1008 1827 1149 1894 quod
1174 1827 1230 1876 in
1259 1827 1446 1878 eodem
1471 1827 1589 1877 loco
1616 1826 1856 1893 sepultus
1884 1826 1968 1876 sit.
2047 1826 2130 1876 De
2157 1843 2261 1893 quo

326 1898 445 1949 loco
471 1905 590 1966 post
618 1916 784 1949 annos
810 1899 1090 1966 plusquam
1129 1916 1218 1950 ccc
1259 1899 1606 1966 depositionis
1648 1917 1756 1950 suae
1793 1916 1823 1948 a
1858 1898 2089 1965 quodam
2115 1916 2260 1964 pres-

327 1969 519 2038 bytero
563 1970 762 2021 Divina
804 1971 1129 2022 revelatione
1168 1972 1461 2022 translatus
1506 1977 1603 2034 est,
1647 1989 1707 2021 ac
1750 1971 1808 2021 in
1854 1970 2078 2022 ecclesia
2120 1971 2264 2021 intra

326 2042 585 2093 feretrum
630 2042 896 2110 condigno
940 2043 1144 2094 honore
1193 2044 1399 2111 positus
1441 2049 1536 2094 est.
1630 2043 1744 2094 Ubi
1786 2060 1955 2109 usque
2000 2042 2159 2094 hodie
2203 2043 2262 2093 in

327 2132 526 2181 magna
574 2115 918 2166 veneratione
967 2115 1215 2167 habetur.
1312 2116 1398 2167 Ob
1451 2117 1602 2184 cujus
1653 2115 1955 2166 sanctitatis
2006 2115 2261 2166 meritum

328 2187 578 2237 omnibus
605 2186 1082 2238 demonstrandum
1111 2188 1290 2239 casula
1316 2194 1369 2239 et
1390 2188 1573 2239 tunica
1600 2193 1654 2239 et
1681 2184 1971 2250 sudarium,
2002 2206 2118 2254 quae
2140 2205 2262 2239 cum

331 2259 667 2310 sanctissimo
694 2259 809 2327 ejus
831 2277 1048 2327 corpore
1068 2260 1125 2310 in
1150 2266 1294 2311 terra
1312 2261 1486 2328 posita
1512 2265 1681 2323 erant,
1707 2278 1818 2310 non
1839 2260 2012 2310 solum
2033 2261 2263 2327 speciem

330 2330 424 2381 sed
474 2331 637 2382 etiam
687 2331 1062 2383 fortitudinem
1105 2333 1389 2399 pristinam
1438 2350 1607 2400 usque
1651 2332 1708 2383 in
1752 2331 2075 2383 hodiernum
2120 2333 2262 2384 diem

330 2409 559 2454 servant.
638 2404 869 2455 Inventa
909 2411 990 2455 est
1041 2405 1203 2456 etiam
1250 2423 1408 2472 super
1451 2411 1638 2472 pectus
1684 2405 1799 2472 ejus
1848 2404 2035 2455 tabula
2083 2404 2264 2472 lignea

328 2475 387 2525 in
414 2475 634 2526 modum
662 2476 845 2527 altaris
880 2476 1039 2540 facta,
1083 2495 1147 2528 ex
1189 2477 1397 2528 duobus
1430 2477 1593 2544 lignis
1629 2476 1791 2527 clavis
1833 2477 2100 2543 argenteis
2136 2495 2260 2528 con-

323 2547 533 2614 juncta,
576 2548 889 2615 sculptaque
931 2555 1012 2600 est
1053 2549 1109 2599 in
1153 2550 1247 2600 illa
1288 2549 1549 2617 scriptura
1590 2549 1734 2600 haec:
1783 2551 1948 2599 Alma?
1993 2550 2263 2613 Trinitati,

330 2620 483 2686 Ayioe
511 2620 737 2685 Sophiae,
768 2622 977 2672 Sancta>
998 2622 1210 2673 Mariae.
1277 2623 1479 2673 Utrum
1505 2639 1629 2673 vero
1650 2621 1887 2688 reliquiae
1907 2622 1963 2671 in
1985 2639 2048 2673 ea
2077 2622 2263 2689 positae

329 2691 548 2753 fuerint,
575 2692 660 2742 vel
687 2710 791 2758 qua
817 2692 881 2744 de
918 2710 1076 2743 causa
1111 2711 1233 2744 cum
1269 2712 1331 2745 eo
1370 2694 1429 2744 in
1462 2700 1606 2745 terra
1641 2694 1813 2761 posita
1854 2694 1924 2744 sit
1964 2693 2261 2761 ignoratur.

330 2764 593 2813 Attamen
645 2763 845 2830 absque
895 2765 1203 2816 rationabili
1253 2765 1550 2816 devotionis
1601 2783 1778 2829 causa,
1830 2784 2053 2817 summae
2102 2785 2259 2818 vene-

331 2834 556 2903 rationis
583 2835 734 2885 cultu
761 2853 883 2886 cum
910 2843 1095 2887 sancto
1121 2838 1235 2905 ejus
1271 2854 1488 2905 corpore
1522 2855 1860 2904 nequaquam
1898 2856 2011 2888 esse
2048 2839 2265 2890 condita

334 2906 585 2957 creditur.
661 2907 1002 2959 Vestimenta
1035 2926 1160 2960 vero
1195 2910 1309 2977 ejus
1349 2909 1604 2976 praedicta
1641 2909 1834 2960 fratres
1870 2910 2108 2977 ejusdem
2146 2912 2261 2962 Ha-

331 2978 690 3045 gustaldensis
718 2980 953 3031 ecclesiae
981 2980 1301 3047 aliquotiens
1327 2982 1524 3049 populo
1549 2987 1850 3033 monstrare
1877 2982 2070 3046 solent,
2100 3002 2129 3034 a
2157 3001 2261 3051 quo

334 3068 454 3101 cum
483 3050 631 3101 omni
657 3050 938 3103 devotione
965 3052 1358 3104 deosculantur.

441 3121 683 3173 Plurima
722 3140 846 3174 vero
886 3123 1145 3175 miracula
1189 3125 1254 3176 de
1297 3126 1496 3177 Sancto
1541 3126 1687 3177 Acca
1732 3126 1895 3177 etiam
1936 3126 2096 3194 vulgo
2136 3146 2258 3178 nar-

332 3199 540 3257 rantur,
581 3212 698 3261 quae
732 3196 913 3246 omnia
947 3196 1142 3264 scripto
1177 3198 1440 3265 explicare
1479 3199 1797 3266 perlongum
1834 3205 1929 3250 est.
2008 3199 2263 3266 Aliquam

333 3271 517 3317 tamen
553 3265 619 3317 de
657 3266 767 3317 illis
804 3268 1101 3319 memoriaen
1134 3269 1368 3321 breviter
1409 3271 1784 3322 commendare
1823 3271 1976 3334 libet,
2015 3272 2263 3323 videlicet

333 3356 493 3405 quam
521 3338 838 3390 mirabiliter
865 3358 925 3391 ac
949 3340 1265 3393 terribiliter
1292 3342 1616 3394 adversarios
1644 3361 1783 3406 sUOS,
1810 3361 1996 3410 pacem
2029 3344 2264 3396 ecclesiae

330 3410 390 3460 in
431 3428 536 3477 qua
579 3410 865 3478 requiescit
908 3411 1202 3480 infringere
1245 3420 1589 3481 temptantes,
1635 3415 1720 3466 vel
1762 3415 1933 3482 ipsam
1984 3416 2259 3467 ecclesiam

332 3482 576 3533 funditus
616 3489 851 3534 evertere
897 3484 1197 3549 molienteS,
1241 3486 1426 3537 crebro
1472 3487 1783 3553 coercuerit,
1824 3493 1877 3538 et
1915 3488 2144 3555 qualiter
2181 3507 2261 3539 re-

415 3610 441 3626 ²'²
472 3602 512 3643 S.
535 3603 582 3643 G.
601 3601 698 3645 73¹7.
759 3603 849 3644 The
868 3603 1021 3656 legend
1041 3604 1087 3645 of
1101 3604 1215 3645 Acca
1241 3605 1275 3645 is
1306 3606 1598 3659 undoubtedly
1627 3620 1682 3647 an
1713 3606 2030 3658 interpolation,
2061 3609 2144 3648 and
2172 3621 2261 3649 cer-

330 3657 466 3710 tainly
486 3660 561 3699 not
581 3658 655 3699 the
673 3659 790 3698 work
811 3659 857 3699 of
879 3659 1077 3711 Symeon.
1140 3659 1216 3701 See
1236 3660 1422 3702 Preface.

414 3720 432 3737 ⁷¹
464 3712 535 3753 An
556 3713 885 3755 interlineation.
