2384 4126
314 380 421 431 208
949 397 1019 430 DE
1063 396 1297 430 REGIBUS
1338 396 1618 430 3ΑΧ6Ν1613

314 522 504 574 beatus
532 523 848 574 Dunstanus
877 523 934 574 in
961 523 1179 574 sublimi
1196 540 1352 574 voces
1379 523 1690 574 dicentium.
1757 527 1790 551 ‘⁶
1809 524 1917 574 Pax
1937 523 2242 590 Anglorum

315 594 581 646 eeclesiae!
648 595 816 646 exorti
872 613 1017 646 nunc
1082 595 1233 663 pueri
1287 595 1563 662 nostrique
1613 595 1887 646 Dunstani
1941 596 2241 663 tempore.''

316 668 448 718 Post
473 667 854 718 Eadmundum
891 667 1057 718 frater
1091 668 1206 735 ejus
1241 668 1518 718 Eadredus
1552 668 1795 734 regnavit
1829 667 1883 718 ix
1911 668 2083 729 annis,
2112 674 2165 718 et
2190 669 2239 735 vj

317 739 644 791 ebdomadis.
722 739 934 791 Deinde
968 740 1185 790 Edwius
1220 739 1361 789 filius
1395 739 1705 790 Eadmundi
1738 740 1792 807 iij
1825 740 1979 790 annis
2006 745 2059 791 et
2085 741 2238 807 xxxvj

319 811 647 875 ebdomadis,
689 811 896 862 duobus
943 811 1128 862 diebus
1170 811 1368 873 minus,
1413 812 1673 876 regnavit.
1752 812 1880 863 Post
1912 812 2055 863 hunc
2080 811 2246 862 frater

318 885 432 952 ejus
459 883 758 951 Eadgarus,
786 883 929 934 filius
955 883 1282 946 Eadmundi,
1311 883 1399 933 cui
1424 883 1491 950 vij
1522 892 1718 950 reges,1'
1745 884 1949 935 scilicet
1978 884 2245 951 Kynodus

318 974 413 1007 rex
443 958 770 1019 Scottorum,
812 961 864 1006 et
899 955 1159 1006 Malcolm
1200 973 1294 1006 rex
1322 955 1700 1018 Cumbrorum,
1742 962 1795 1006 et
1830 956 2055 1006 Maccus
2082 956 2245 1023 pluri-

317 1047 532 1079 marum
576 1046 668 1078 rex
713 1027 1043 1089 Insularum,
1090 1034 1143 1078 et
1190 1027 1281 1077 alii
1324 1045 1357 1078 v
1401 1027 1629 1094 subjecti
1669 1027 1899 1077 fuerant.
1978 1028 2247 1094 Regnavit

319 1107 500 1151 autem
526 1100 609 1167 xvj
642 1100 795 1150 annis
823 1105 875 1150 et
901 1099 955 1149 ix
981 1098 1306 1150 ebdomadis.
1385 1098 1488 1149 Cui
1515 1099 1766 1149 successit
1793 1099 1932 1150 filius
1960 1100 2074 1166 ejus
2101 1100 2244 1150 Ead-

317 1173 543 1234 Wardus,
579 1172 654 1239 iiij
687 1171 840 1221 annis
877 1171 1137 1238 regnavit.
1218 1170 1342 1222 Quo
1385 1170 1704 1221 innocenter
1748 1171 1922 1221 occiso
1967 1171 2090 1222 dolo
2137 1190 2245 1223 suae

317 1262 576 1306 novercae,
613 1244 779 1294 frater
819 1243 933 1311 ejus
969 1242 1228 1293 Ethelred
1270 1242 1495 1309 suscipit
1529 1260 1774 1309 regnum,
1810 1243 2157 1310 regnavitque
2193 1244 2251 1293 in

318 1316 506 1366 multis
550 1315 801 1383 periculis
833 1333 939 1365 xxx
965 1321 1018 1366 et
1044 1314 1116 1365 in
1146 1314 1316 1365 annis.
1394 1316 1556 1365 Anno
1597 1321 1775 1365 autem
1813 1315 1965 1382 regni
2000 1316 2114 1383 ejus
2141 1316 2250 1383 xij

319 1388 491 1440 Onlaf
521 1406 611 1438 rex
638 1387 1104 1454 Norweganorum
1140 1393 1193 1438 et
1232 1386 1406 1437 Swein
1446 1405 1537 1437 rex
1572 1387 1853 1437 Danorum
1893 1405 2015 1438 cum
2050 1406 2249 1455 magna

322 1461 488 1512 classe
514 1459 738 1510 veniunt
765 1459 1126 1510 Lundoniam.
1207 1459 1330 1522 Sed,
1362 1477 1560 1526 magna
1592 1459 1644 1509 vi
1671 1459 1865 1510 civium
1892 1460 2107 1527 repulsi,
2146 1460 2252 1511 alia

322 1550 544 1600 quaeque
570 1532 687 1582 loca
714 1532 1001 1582 crudeliter
1029 1531 1438 1598 depopulantur.
1516 1531 1755 1582 Tandem
1791 1532 1972 1594 Onlaf,
2007 1532 2248 1599 repacifi-

323 1611 474 1656 catus
499 1604 614 1671 regi
641 1604 952 1667 Ethelredo,
989 1604 1308 1670 baptizatus,
1344 1603 1602 1670 recipitur
1629 1603 1694 1654 ab
1724 1604 1818 1654 illo
1845 1604 1909 1654 de
1935 1603 2099 1655 fonte.
2178 1606 2252 1655 Et

321 1683 594 1729 revertens
622 1676 870 1743 patriam,
907 1694 1184 1742 nunquam
1221 1681 1407 1742 postea
1432 1676 1608 1727 rediit.
1688 1676 1864 1727 Swein
1889 1694 2014 1727 vero
2040 1694 2250 1727 reman-

325 1750 413 1812 sit,
454 1749 573 1800 loca
614 1766 731 1815 quae
776 1754 986 1815 poterat
1032 1748 1331 1798 devastans.
1409 1748 1571 1798 Anno
1598 1766 1723 1799 vero
1757 1748 1913 1813 regni
1949 1748 2029 1799 sui
2059 1749 2253 1816 xx0iiij0

324 1820 649 1873 Ethelredus
689 1838 783 1871 rex
829 1819 1032 1887 accepit
1076 1837 1297 1870 uxorem
1341 1819 1507 1870 filiam
1553 1820 1701 1871 ducis
1744 1820 2252 1871 Northmannorum

324 1893 543 1945 Ricardi
569 1892 754 1956 Primi,
796 1910 861 1942 ex
887 1910 992 1959 qua
1018 1891 1209 1942 habuit
1243 1891 1380 1942 filios
1415 1891 1773 1942 Eadwardum
1809 1899 1862 1942 et
1901 1893 2249 1944 Ealuredum.

323 1967 487 2016 Anno
527 1970 706 2015 autem
744 1964 899 2031 regni
943 1963 1221 2015 Ethelredi
1264 1963 1462 2030 xxxvj0,
1501 1970 1715 2014 mortuo
1761 1964 1938 2015 Swein
1975 1982 2101 2031 rege
2140 1965 2251 2016 Da-

323 2055 536 2100 norum,
566 2037 712 2087 Cnut
738 2036 880 2086 filius
906 2035 1020 2103 ejus
1047 2054 1170 2087 cum
1196 2035 1444 2086 omnibus
1482 2036 1651 2086 Danis
1691 2036 1911 2103 pellitur
1938 2036 2003 2087 ab
2029 2037 2248 2104 Anglia.

330 2109 438 2161 Sed
489 2126 629 2160 anno
681 2108 944 2175 sequenti,
997 2125 1119 2158 cum
1171 2108 1345 2159 valida
1396 2108 1580 2171 classe,
1650 2108 1989 2159 Sandwicum
2039 2115 2256 2176 portum

326 2181 565 2232 intravit.
643 2181 772 2231 Post
817 2180 1172 2231 Ethelredum
1222 2180 1363 2230 filius
1415 2180 1548 2247 ejus,
1595 2180 1948 2232 Eadmundus
1999 2182 2256 2232 Ferreum

329 2255 517 2316 Latus,
538 2253 594 2304 ix
618 2252 730 2304 fere
749 2270 958 2303 menses
977 2252 1239 2320 regnavit,
1266 2252 1324 2303 in
1352 2252 1545 2319 quibus
1566 2252 1848 2320 quinquies
1870 2259 2056 2303 contra
2074 2271 2257 2320 regem

326 2327 609 2377 Danorum
660 2325 968 2376 Cnutonem
1020 2325 1273 2376 acerrime
1324 2325 1581 2392 pugnavit
1597 2347 1611 2387 3
1677 2333 1999 2392 peractoque
2058 2326 2252 2377 ultimo

326 2398 487 2461 bello,
516 2397 857 2448 concordiam
882 2397 1024 2448 inter
1060 2414 1115 2447 se
1148 2396 1391 2448 fecerunt
1432 2415 1585 2463 reges
1621 2397 1972 2448 Eadmundus
2008 2404 2061 2448 et
2089 2398 2253 2461 Cnut,

329 2470 626 2522 dividentes
667 2470 811 2521 inter
856 2488 910 2520 se
949 2487 1179 2536 regnum
1222 2469 1528 2536 Anglorum
1574 2487 1636 2520 ea
1681 2469 2005 2533 conditione,
2058 2476 2119 2520 ut
2164 2471 2255 2537 qui

330 2548 597 2610 superstes
628 2542 780 2593 fieret
817 2542 985 2593 totius
1012 2542 1326 2609 Brytanniae
1352 2541 1720 2593 monarchiam
1747 2542 2055 2609 susciperet.
2135 2543 2258 2596 Qua

331 2614 686 2666 conventione
736 2614 895 2677 facta,
954 2620 1007 2665 et
1059 2614 1125 2665 ab
1176 2613 1427 2665 omnibus
1479 2614 1793 2682 primalibus
1845 2614 2073 2678 firmata,
2137 2620 2259 2681 post

329 2706 501 2738 unum
542 2704 782 2738 mensem
821 2687 1173 2737 Eadmundus
1215 2686 1460 2750 moritur,
1501 2693 1852 2754 susceptoque
1892 2692 2008 2737 toto
2049 2687 2255 2753 Anglo-

329 2778 452 2810 rum
493 2776 677 2825 regno,
721 2759 868 2809 Cnut
902 2758 1146 2825 regnavit
1188 2758 1298 2809 fere
1343 2758 1431 2808 xix
1468 2758 1639 2809 annis.
1718 2758 1820 2809 Cui
1855 2759 2109 2809 successit
2142 2759 2256 2809 Ha-

329 2831 531 2893 roldUS,
569 2830 682 2898 ejus
724 2848 786 2881 ex
827 2830 1126 2881 concubina
1164 2831 1324 2893 filius,
1370 2849 1601 2897 regnans
1635 2849 1668 2882 v
1694 2831 1865 2883 annis.
1944 2831 2072 2881 Post
2099 2849 2259 2898 quem

333 2902 681 2964 Hardecnud,
745 2902 886 2952 filius
939 2902 1205 2953 Cnutonis
1258 2909 1311 2953 et
1361 2904 1586 2965 Emmae,
1646 2903 1813 2953 frater
1862 2903 2144 2953 Eadwardi
2194 2921 2258 2954 ex

330 2981 521 3037 matre,
565 2973 656 3040 qui
681 2974 925 3040 regnavit
950 2974 986 3041 ij
1018 2974 1189 3037 annis,
1229 2993 1297 3025 xv
1321 2974 1509 3025 diebus
1548 2974 1742 3025 minus.
1822 2974 1967 3025 Huic
2006 2976 2259 3025 successit

329 3046 658 3098 Eadwardus
708 3045 876 3097 frater
925 3046 1059 3113 ejus,
1114 3046 1205 3096 sed
1250 3046 1391 3096 filius
1434 3046 1715 3097 Ethelredi
1764 3046 1923 3112 regis,
1969 3045 2044 3113 iiij
2089 3064 2255 3096 nonas

330 3118 553 3186 Aprilis,
576 3117 661 3168 die
684 3117 969 3168 Dominico
989 3118 1237 3168 Paschali
1264 3124 1635 3179 consecratus,
1665 3117 2015 3184 regnavitque
2042 3118 2260 3184 pacifice

331 3191 459 3258 xxiij
491 3189 662 3241 annis,
740 3189 846 3240 Illo
881 3206 1005 3239 vero
1043 3206 1212 3239 nonas
1242 3189 1273 3238 J
1280 3189 1488 3240 anuarii
1526 3189 1776 3252 obeunte,
1819 3189 2092 3240 Haroldus
2132 3190 2256 3253 dux,

332 3263 473 3313 filius
508 3260 759 3313 Godwini
798 3261 1027 3323 comitis,
1067 3260 1125 3310 in
1162 3278 1390 3327 regnum
1426 3260 1766 3324 sublimatur,
1808 3261 1946 3312 sicut
1984 3262 2128 3313 idem
2166 3281 2258 3313 rex

332 3333 661 3386 Eadwardus
687 3333 979 3383 moriturus
1007 3332 1275 3400 praecepit.
1346 3333 1450 3383 Sed
1475 3334 1590 3400 ipso
1612 3334 1799 3384 eodem
1821 3352 1961 3385 anno
1986 3334 2258 3385 Haroldus

309 3426 364 3474 *a
415 3405 709 3457 Guillelmo
759 3405 893 3456 duce
943 3405 1386 3455 Normannorum
1441 3405 1611 3472 pridie
1665 3406 1785 3456 idus
1837 3406 2087 3458 Octobris
2138 3424 2259 3457 611111

332 3479 505 3530 multo
526 3477 829 3545 Anglorum
850 3476 1084 3528 exercitu
1107 3476 1385 3527 occiditur.
1465 3477 1790 3528 Guillelmus
1807 3478 2148 3546 postmodum
2168 3497 2262 3529 rex

332 3552 636 3619 Anglorum
667 3549 861 3611 factus,
888 3549 945 3598 in
978 3548 1063 3599 die
1093 3549 1307 3600 Natalis
1344 3549 1567 3600 Domini
1597 3551 1861 3616 unguitur
1891 3551 1945 3600 in
1977 3568 2156 3617 regem
2196 3551 2261 3601 ab

604 3719 625 3743 Ρ
656 3710 745 3760 viii,
765 3709 859 3751 MS.
881 3709 1122 3762 Magdalen.
1469 3717 1484 3741 9
1516 3709 1602 3760 viii,
1625 3709 1718 3751 MS.
1741 3710 1982 3760 Magdalen.
