2384 4126
764 384 950 418 sAthrl
991 383 1318 417 CUTHBERTI.
1500 410 1503 413 .
1891 372 1991 422 175

81 508 360 576 respirans,
388 509 446 558 in
472 527 619 575 spem
644 509 829 571 veniae,
860 509 1077 560 beatum
1105 509 1465 560 Cuthbertum
1489 509 1733 576 precibus
1760 517 1813 560 et
1838 511 1992 562 lacri-

81 599 288 631 marum
319 580 575 631 imbribus
610 581 841 642 invocat,
880 586 933 631 et
966 587 1028 630 ut
1053 581 1236 631 miseri
1261 581 1579 632 misereatur
1606 581 1821 632 sedulus
1848 584 1989 633 effla-

80 652 233 717 gitat,
272 652 594 702 remittendo
631 652 842 719 culpam
878 652 1038 702 simul
1064 657 1117 703 et
1142 652 1200 702 in
1225 653 1494 719 reliquum
1521 671 1681 719 quam
1707 653 1989 704 meruisset

79 740 308 789 poenam.
379 723 616 774 Tandem
634 723 880 786 surrexit,
903 729 956 774 et
976 723 1133 774 nudis
1161 724 1383 790 pedibus
1412 731 1526 775 toto
1554 725 1695 791 quod
1723 731 1996 791 supererat

79 794 269 844 itinere
311 795 572 858 confecto,
619 795 685 845 ad
727 795 961 846 ecclesiae
995 796 1220 862 januam
1262 795 1521 846 substitit.
1612 796 1805 862 Neque
1850 797 1994 847 enim

79 865 224 932 prius
264 866 464 916 intrare
502 873 929 933 praesumpserat,
970 884 1129 933 quam
1165 885 1254 918 eos
1288 885 1418 934 quos
1448 885 1502 918 se
1529 867 1813 918 offendisse
1839 874 1996 934 puta-

80 943 244 999 verat,
283 937 472 988 fratres
500 938 826 1000 monasterii,
861 944 922 988 ut
953 956 1049 1004 pro
1076 956 1130 989 se
1158 938 1298 1005 apud
1326 939 1586 989 Sanctum
1612 939 1993 989 intercessuros

80 1008 181 1058 sibi
217 1009 628 1060 reconciliasset.
707 1010 875 1077 Cujus
914 1009 991 1060 rei
1025 1010 1199 1076 gratia
1231 1010 1556 1061 monachum
1589 1011 1855 1077 quendam
1880 1012 1992 1078 jam

79 1079 222 1129 intro
257 1080 599 1147 praemiserat,
646 1081 737 1147 qui
788 1081 870 1132 sui
913 1082 1106 1131 merito
1148 1088 1201 1132 et
1241 1081 1605 1133 familiaritate
1651 1100 1810 1149 quam
1860 1082 1994 1133 inibi

78 1151 337 1202 habuerat
363 1152 659 1219 postulanti
680 1153 888 1203 veniam
914 1153 1121 1203 facilius
1149 1153 1476 1220 impetraret.
1542 1154 1629 1204 Ad
1654 1154 1755 1204 hoc
1781 1172 1993 1220 egresso

79 1223 170 1289 qui
210 1241 353 1274 nunc
393 1242 559 1290 usque
599 1232 837 1291 superest
877 1225 1189 1275 monasterii
1228 1225 1528 1292 praeposito,
1572 1244 1768 1292 pavens
1808 1226 1896 1276 ille
1933 1244 1993 1276 ac

80 1301 314 1345 tremens
357 1295 422 1345 ad
467 1296 625 1362 pedes
666 1296 910 1362 procidit,
956 1296 1246 1363 multisque
1289 1297 1585 1347 astantibus
1631 1296 1873 1348 ordinem
1918 1298 1995 1348 rei

77 1372 405 1432 prosecutus,
429 1367 844 1417 misericordiam
865 1375 918 1418 et
931 1368 1194 1435 judicium
1211 1368 1268 1418 in
1285 1387 1338 1419 se
1356 1369 1558 1419 factum
1579 1368 1959 1419 demonstravit
1976 1391 1990 1431 3

73 1437 356 1504 judicium,
404 1439 545 1505 quod
595 1439 790 1489 damno
840 1440 1112 1506 perculsus
1133 1461 1148 1502 ,-
1205 1440 1620 1491 misericordiam
1665 1458 1805 1503 vero,
1852 1442 1993 1507 quod

77 1527 186 1559 non
227 1516 280 1560 et
318 1510 430 1576 ipse
471 1516 641 1561 morte
677 1511 746 1560 sit
787 1511 1093 1562 mulctatus.
1172 1511 1250 1561 Ut
1283 1511 1529 1562 videlicet
1563 1512 1743 1562 vivens
1781 1513 1989 1578 culpam

80 1588 390 1647 agnosceret
429 1600 737 1647 agnoscenS,
765 1582 983 1633 defleret
1009 1583 1226 1644 deflens,
1263 1583 1636 1634 correctiorem
1663 1602 1718 1634 se
1746 1583 1991 1650 deinceps

80 1652 366 1703 exhiberet.
460 1654 617 1703 Unde
656 1671 800 1703 nunc
844 1654 1120 1704 humiliter
1159 1654 1529 1720 poenitentiam
1568 1654 1860 1721 requisivit,
1902 1656 1993 1705 sed

83 1742 240 1790 super
265 1742 382 1774 eam
410 1742 565 1790 quam
598 1725 699 1774 Div
704 1725 869 1775 initus
899 1725 1138 1792 peitulit,
1168 1725 1325 1775 aliam
1353 1726 1682 1805 poenitentiae
1702 1726 1991 1776 vindictam

79 1795 351 1862 imponere
377 1796 687 1875 praepositus
713 1796 825 1863 ipse
847 1814 969 1846 cum
990 1796 1243 1847 fratribus
1265 1797 1426 1847 nimis
1446 1797 1800 1848 inhumanum
1821 1798 1990 1848 (luxit.

81 1866 296 1918 Quem
282 1885 393 1933 ipse
419 1867 618 1934 injecta
643 1886 823 1930 manu,
852 1887 960 1918 non
988 1868 1130 1919 enim
1159 1869 1313 1919 aliter
1332 1869 1547 1949 ‘ingredi
1574 1869 1819 1931 audebat,
1847 1870 1994 1920 velut

76 1938 337 1988 mediator
381 1939 595 2005 quidam
641 1958 808 2006 usque
859 1940 1029 2007 ipsam
1075 1940 1421 1990 sacratissimi
1472 1942 1705 2008 corporis
1750 1941 1993 1991 tumbam

75 2010 363 2076 pallentem
395 2017 777 2078 paventemque
805 2012 1145 2078 perducebat.
1227 2012 1335 2063 Hic
1362 2030 1571 2079 quoque
1600 2030 1816 2079 corpore
1842 2031 1991 2079 pros-

74 2088 246 2132 tratus
275 2089 327 2132 et
349 2082 522 2145 corde,
561 2083 771 2150 culpam
806 2084 1123 2134 temeritatis
1157 2084 1534 2135 satisfaciendo
1569 2085 1798 2146 deflevit,
1835 2085 1991 2135 dum-

79 2171 181 2219 que
206 2154 364 2204 modo
385 2154 594 2204 veniam
620 2161 905 2217 mereatur,
934 2156 1040 2206 tale
1068 2155 1196 2222 quid
1224 2174 1277 2206 se
1305 2156 1369 2206 de
1398 2162 1587 2207 caetero
1614 2156 1834 2206 minime
1859 2175 1992 2223 prae-

79 2232 418 2291 sumpturum
438 2226 719 2292 promittit.
788 2227 981 2293 Sicque
1008 2245 1071 2278 ex
1092 2228 1341 2294 jumento
1369 2227 1511 2293 quod
1537 2227 1785 2293 perdidit,
1813 2246 1993 2278 emen-

77 2296 347 2346 dationem
368 2297 449 2347 sui
469 2297 722 2360 lucratus,
751 2298 938 2348 melior
964 2298 1124 2348 simul
1151 2304 1203 2348 et
1228 2299 1403 2349 laetior
1430 2299 1495 2349 ad
1523 2317 1617 2349 sua
1637 2299 1811 2350 rediit.
1875 2300 1994 2350 Nec

75 2367 252 2434 ipsum
280 2368 470 2430 solum,
509 2369 601 2418 sed
628 2375 681 2419 et
708 2387 893 2420 omnes
925 2370 1116 2437 quibus
1152 2370 1254 2420 hoc
1288 2370 1491 2420 factum
1516 2370 1772 2432 innotuit,
1810 2370 1876 2421 ad
1909 2389 1991 2421 re-

76 2440 370 2489 verentiam
391 2440 679 2491 venerandi
701 2441 1033 2492 Confessoris
1061 2442 1228 2508 pluris
1250 2442 1549 2493 habendam
1570 2443 1733 2493 etiam
1757 2443 1815 2492 in
1834 2442 1993 2492 mini-

76 2510 177 2561 mis
205 2511 501 2578 quibusque
529 2512 718 2578 coegit.

987 2708 1087 2758 IX.

84 2813 342 2871 Quomodo
383 2814 609 2879 populus
653 2814 708 2863 in
752 2815 1006 2864 Dunelmo
1053 2815 1322 2865 conclusus
1368 2831 1398 2863 α
1441 2814 1636 2865 duobus
1680 2815 1995 2866 eoeercitz’bus

775 2887 1027 2937 liberatus
1044 2885 1234 2952 fuerit.

188 3006 401 3055 Interea
441 3004 693 3072 praefatus
730 3007 1030 3072 Anglorum
1068 3025 1178 3069 rex,
1222 3013 1274 3057 et
1308 3007 1615 3056 Scottorum
1649 3006 1993 3069 Malcolmus,

76 3076 275 3126 obortis
307 3076 535 3127 invicem
570 3095 850 3128 causarum
895 3078 1236 3141 tumultibus,
1276 3078 1427 3144 regni
1471 3078 1748 3144 utriusque
1789 3078 1993 3128 incom-

76 3148 234 3197 modo
269 3166 453 3213 graves
481 3148 799 3199 exercebant
832 3150 1172 3213 inimicitias,
1215 3150 1355 3200 unde
1384 3150 1727 3213 MalcolmUS,
1756 3150 1993 3201 exercitu

76 3219 354 3284 producto,
412 3219 552 3285 fugae
602 3221 847 3287 praesidia
896 3222 1365 3271 Northumbranos
1425 3239 1658 3287 quaerere
1716 3221 1991 3287 compulit.

78 3289 321 3340 Quorum
359 3290 574 3355 quidam
614 3292 863 3342 silvarum
905 3293 1276 3359 montiumque
1315 3311 1426 3343 sese
1466 3293 1682 3343 latebris
1719 3293 1989 3343 occulunt.

78 3360 263 3410 Plures
293 3367 489 3422 autem,
517 3369 571 3412 et
595 3363 859 3429 praecipue
887 3365 978 3431 qui
1004 3365 1213 3431 proprie
1243 3365 1426 3415 Sancti
1454 3364 1740 3414 Cuthberti
1765 3364 1990 3430 populus

42 3438 45 3441 ’
81 3431 349 3493 dicuntur,
376 3431 434 3480 in
460 3433 789 3484 Dunelmum
815 3453 909 3485 sua
936 3454 1115 3486 secum
1141 3436 1491 3498 transferunt,
1513 3435 1600 3485 hic
1627 3435 1769 3485 enim
1789 3452 1995 3500 semper

78 3502 134 3551 in
175 3502 419 3568 periculis
453 3503 631 3553 locum
670 3504 871 3555 habent
912 3513 1116 3557 certum
1152 3507 1360 3573 refugii,
1401 3525 1511 3564 non
1545 3513 1653 3556 tam
1694 3505 1797 3555 loci
1832 3523 1991 3571 quam

79 3573 242 3639 pacis,
264 3579 480 3639 propter
507 3575 826 3626 sanctissimi
848 3578 1079 3644 corporis
1100 3579 1455 3644 praesentiam,
1473 3576 1768 3627 munimine
1790 3576 1992 3626 confisi.

83 3645 208 3694 Huc
237 3662 358 3694 cum
386 3651 500 3695 tota
528 3646 880 3712 suppellectili
913 3667 1096 3715 greges
1132 3650 1405 3699 universos
1435 3648 1778 3713 compellunt,
1805 3647 1995 3713 vixque
