2384 4126
309 349 413 399 140
870 369 1127 404 HisromA
1167 369 1237 402 DE
1279 370 1319 403 s.
1363 368 1687 403 cUTHssERTo

306 493 404 544 fice
431 498 512 544 est
537 493 846 561 perductUS,
874 503 928 547 et
953 496 1012 546 in
1039 497 1262 548 ecclesia
1286 496 1432 547 beati
1459 495 1607 547 Petri
1627 492 1874 562 Apostoli
1902 511 1932 544 a
1956 491 2236 543 Theodoro

306 565 703 634 archiepiscopo
730 574 811 618 est
837 568 1133 620 ordinatus,
1200 569 1269 620 In
1289 587 1394 636 qua
1419 568 1756 619 ordinatione
1782 566 2002 617 fuerunt
2029 571 2234 631 septem

305 636 555 705 episcopi,
576 639 788 691 Ceadde
810 646 863 691 et
885 640 1081 704 Cedde,
1101 648 1154 692 et
1172 647 1401 708 quatuor
1421 640 1513 691 alii
1533 640 1705 691 sancti
1724 637 1971 706 episcopi.
2029 636 2237 687 Eadem

306 708 391 760 die
411 710 550 760 Eata
576 711 853 778 episcopus
874 712 1348 776 Lindisfarnensis,
1377 718 1431 764 et
1461 714 1691 763 Sanctus
1718 710 2068 772 Cuthbertus,
2090 726 2235 759 com-

304 781 458 832 muni
484 783 707 834 consilio
733 784 974 851 Ecgfridi
1004 785 1164 852 regiS,
1209 791 1262 836 et
1295 784 1678 852 archiepiscopi
1703 790 1757 834 et
1786 783 2002 833 illorum
2031 788 2236 847 septem

305 853 692 921 episcoporum,
734 862 788 907 et
823 856 1065 907 omnium
1099 858 1384 924 majorum,
1425 856 1576 908 sedes
1603 874 1724 907 suas
1753 858 2234 906 commutaverunt.

308 924 505 992 Sicque
531 927 670 977 Eata
697 928 837 995 apud
865 928 1302 980 Helstaldesham
1329 929 1496 991 sedit3
1528 935 1743 980 sanctus
1762 945 1887 978 vero
1908 925 2240 978 Cuthbertus

304 1003 523 1064 propter
578 998 810 1066 priorem
871 1000 1332 1052 conversationem
1384 1000 1881 1052 Lindisfarnensem
1927 997 2238 1050 cathedram

308 1068 563 1120 obtinuit.

416 1141 489 1192 Et
514 1141 603 1192 hic
628 1147 709 1192 est
736 1141 1195 1194 Lindisfarnensis
1221 1150 1379 1196 terrae
1404 1144 1666 1195 terminus
1683 1165 1697 1205 3
1740 1162 1770 1194 a
1807 1143 1970 1193 fluvio
2010 1141 2237 1193 Tweoda

306 1230 476 1279 usque
509 1213 573 1264 ad
601 1214 1052 1277 Warnamunde,d
1088 1222 1141 1266 et
1167 1216 1293 1267 inde
1321 1216 1564 1283 superius
1592 1233 1759 1282 usque
1786 1215 1852 1265 ad
1877 1215 2032 1264 illum
2057 1214 2237 1264 locum

306 1283 402 1334 ubi
428 1284 542 1335 11000
578 1303 715 1352 0(1110
742 1304 859 1353 quae
886 1294 1109 1338 vocatur
1141 1287 1397 1339 Warnedd
1422 1288 1596 1339 oritur
1622 1289 1777 1356 juxta
1810 1293 2053 1337 montem
2082 1284 2235 1352 Hyb-

306 1356 585 1408 berndune
602 1366 638 1420 3⁶
677 1363 729 1408 et
768 1358 833 1409 ab
868 1358 962 1410 illo
989 1366 1172 1411 monte
1199 1378 1368 1427 usque
1396 1360 1462 1411 ad
1488 1360 1711 1411 fluvium
1739 1359 1831 1426 qui
1856 1364 2077 1409 vocatur
2103 1358 2236 1408 Bro-

306 1427 461 1491 mins
494 1435 547 1480 et
573 1429 699 1481 inde
736 1448 903 1498 usque
931 1431 996 1482 ad
1023 1432 1242 1483 fluvium
1271 1433 1363 1500 qui
1388 1438 1609 1483 vocatur
1643 1432 1749 1483 Till
1769 1441 1810 1482 ιθ
1850 1437 1903 1482 et
1941 1435 2057 1481 tota
2093 1436 2238 1481 terra

309 1518 427 1567 quae
463 1501 609 1569 jacet
655 1520 719 1553 ex
757 1508 985 1570 utraque
1019 1510 1171 1571 parte
1205 1505 1372 1572 ipsius
1418 1504 1651 1555 fluminis
1693 1503 1927 1565 Bromic,
1963 1520 2132 1568 usque
2175 1501 2241 1552 ad

306 1572 463 1623 illum
488 1573 668 1624 locum
693 1574 789 1626 ubi
816 1575 1004 1626 oritur.
1083 1577 1155 1627 Et
1181 1577 1273 1628 illa
1299 1583 1445 1628 terra
1470 1578 1613 1627 ultra
1639 1575 1882 1638 Tweoda,
1911 1575 1976 1626 ab
2002 1574 2096 1625 illo
2121 1574 2239 1624 loco

307 1644 404 1695 ubi
430 1645 600 1696 oritur
625 1646 817 1697 fluvius
844 1647 1011 1699 Edreh
1038 1649 1103 1699 ab
1132 1650 1398 1716 aquilone,
1436 1668 1605 1717 usque
1642 1649 1707 1700 ad
1745 1648 1901 1698 illum
1934 1647 2113 1698 locum
2148 1645 2242 1697 ubi

309 1716 452 1767 cadit
490 1717 548 1767 in
589 1719 831 1782 Tweoda,
876 1727 929 1771 et
968 1726 1084 1771 tota
1124 1727 1268 1773 terra
1307 1739 1425 1789 quae
1458 1724 1602 1789 jacet
1640 1721 1782 1772 inter
1816 1720 1979 1771 istum
2019 1718 2239 1770 fiuvium

308 1788 471 1851 Edre‚
512 1795 565 1841 et
593 1790 824 1841 alterum
850 1792 1071 1843 fluvium
1099 1794 1190 1861 qui
1215 1800 1436 1845 vocatur
1463 1794 1638 1845 Leder
1662 1811 1845 1844 versus
1872 1791 2205 1843 occidentem
2222 1812 2236 1852 3

309 1866 363 1912 et
389 1866 505 1912 tota
523 1867 668 1913 terra
689 1881 805 1930 quae
825 1864 970 1931 jacet
991 1865 1056 1916 ab
1077 1866 1326 1917 orientali
1352 1872 1503 1933 parte
1522 1866 1678 1916 istius
1700 1882 1868 1932 aquae,
1888 1881 2005 1931 quae
2020 1869 2242 1914 vocatur

309 1932 519 1996 Leder,i
543 1952 715 2002 usque
737 1936 804 1986 ad
822 1936 978 1987 illum
998 1937 1178 1988 locum
1198 1937 1291 1989 ubi
1319 1938 1463 1989 cadit
1489 1938 1546 1988 in
1572 1937 1793 1988 fluvium
1813 1936 2039 1987 Tweoda
2058 1953 2241 1986 versus

310 2010 553 2056 austrum
575 2026 585 2057 z
634 2013 687 2058 et
731 2013 848 2059 tota
887 2015 1032 2060 terra
1077 2028 1195 2077 quae
1238 2010 1472 2078 pertinet
1513 2010 1579 2061 ad
1622 2009 2009 2060 monasterium
2054 2008 2242 2058 Sancti

309 2077 564 2129 Balthere
607 2080 748 2146 quod
778 2087 1000 2131 vocatur
1030 2081 1448 2150 Tinningahamj
1484 2101 1515 2133 a
1550 2082 1936 2133 Lombormore
1970 2098 2140 2148 usque
2174 2080 2241 2131 ad

310 2149 657 2203 Escemuthe.

418 2222 492 2272 Et
542 2240 635 2273 rex
686 2224 973 2291 Ecgfridus
1026 2231 1080 2277 et
1130 2226 1443 2278 Theodorus
1502 2226 1928 2293 archiepiscopus
1979 2225 2244 2276 dederunt

311 2293 841 2347 SanctoCuthberto
874 2297 932 2347 in
959 2297 1204 2350 Eboraca
1230 2298 1445 2351 civitate
1476 2305 1649 2350 totam
1675 2304 1875 2349 terram
1903 2315 2020 2364 quae
2040 2298 2185 2365 jacet
2213 2316 2244 2348 a

309 2383 465 2417 muro
505 2367 743 2419 ecclesiae
785 2369 974 2420 Sancti
1012 2371 1178 2434 Petri,
1217 2389 1386 2439 usque
1422 2371 1488 2422 ad
1527 2388 1783 2438 magnam
1816 2376 2028 2438 portam
2059 2387 2242 2420 versus

310 2437 663 2502 occidentem,
705 2446 758 2492 et
794 2460 824 2492 a
850 2459 1005 2493 muro
1033 2443 1268 2495 ecclesiae
1298 2443 1484 2495 Sancti
1509 2443 1676 2506 Petri,
1715 2460 1885 2510 usque
1924 2442 1991 2493 ad
2027 2459 2243 2492 murum

312 2509 544 2562 civitatis
567 2529 750 2564 versus
772 2514 1060 2565 austrumst
1121 2516 1403 2568 Dederunt
1430 2516 1594 2568 etiam
1616 2516 1664 2567 ei
1683 2515 1866 2566 villam
1888 2532 2005 2582 quae
2025 2521 2246 2565 vocatur

394 2671 413 2695 ‘¹
441 2671 733 2715 Warnmouth
767 2675 851 2715 and
882 2674 1057 2716 Warne.
1117 2675 1172 2716 In
1203 2676 1308 2717 both
1340 2689 1484 2717 names
1518 2676 1593 2717 the
1626 2676 1883 2717 transcriber
1914 2678 1989 2717 has
2023 2678 2245 2731 corruptly

312 2725 573 2768 substituted
587 2730 649 2780 ph
669 2730 734 2770 for
751 2745 800 2779 w,
820 2743 844 2769 a
864 2730 1044 2771 mistake
1065 2731 1204 2771 which
1223 2731 1258 2771 is
1279 2732 1495 2772 corrected
1514 2731 1560 2771 in
1580 2732 1655 2772 the
1674 2734 1779 2773 text.
1837 2732 2014 2783 Leland,
2031 2733 2246 2785 following

311 2782 491 2822 another
510 2784 733 2837 authority
752 2785 799 2824 in
819 2785 1060 2838 describing
1085 2787 1205 2827 these
1234 2787 1503 2837 boundaries,
1533 2787 1609 2827 has
1635 2788 1743 2839 spelt
1766 2788 1839 2828 the
1859 2801 2003 2829 names
2023 2789 2245 2841 correctly‚

317 2836 595 2888 Colla-tanea,
614 2839 696 2880 vol.
717 2839 759 2889 i.,
779 2853 819 2891 p.
844 2843 948 2886 366;
979 2842 1042 2881 ed.
1066 2840 1187 2883 1770.

396 2898 411 2915 ³
441 2891 656 2933 Hebburn
676 2894 784 2944 Bell,
814 2907 838 2934 a
855 2895 964 2947 lofty
984 2896 1061 2935 hill
1080 2896 1127 2936 in
1147 2896 1221 2936 the
1240 2895 1385 2948 parish
1405 2896 1451 2936 of
1476 2895 1780 2949 Chillingham.

386 2945 413 2977 s
438 2946 529 2988 'Phe
549 2947 758 2990 Bremish.

391 3009 415 3035 δ’
445 3001 527 3042 Τ111
559 3003 643 3043 and
674 3003 873 3045 Bremish
897 3017 966 3045 are
992 3005 1067 3046 the
1098 3018 1210 3046 same
1234 3005 1369 3056 river-3
1399 3005 1597 3046 Bremish
1618 3006 1747 3058 being
1765 3006 1932 3058 applied
1952 3009 1996 3048 to
2017 3008 2090 3048 the
2112 3021 2246 3060 upper

311 3058 407 3108 part
427 3057 474 3097 of
498 3056 553 3097 its
573 3071 734 3108 course,
766 3058 850 3098 Till
869 3061 913 3100 to
933 3060 1007 3100 the
1026 3060 1167 3110 lower,
1196 3061 1336 3101 where
1360 3061 1395 3101 it
1426 3060 1567 3101 unites
1587 3061 1691 3101 with
1711 3062 1785 3102 the
1806 3062 1928 3103 Glen.
1988 3063 2118 3103 Their
2133 3062 2247 3116 joint

311 3113 463 3152 waters
482 3125 553 3153 are
573 3112 824 3165 discharged
842 3114 935 3154 into
955 3115 1028 3155 the
1049 3115 1201 3156 Tweed
1220 3117 1264 3155 at
1284 3115 1534 3166 Tillmouth‚
1564 3115 1610 3155 in
1629 3116 1704 3156 the
1723 3116 1865 3167 parish
1885 3118 1932 3157 of
1956 3117 2164 3160 Norham.

395 3165 412 3190 7'
444 3166 535 3207 'Phe
564 3180 690 3208 name
721 3169 768 3209 of
791 3169 879 3209 this
909 3169 1023 3210 river
1042 3169 1077 3209 10
1103 3170 1324 3221 preserved
1343 3170 1390 3210 in
1409 3170 1465 3211 its
1485 3172 1568 3210 two
1587 3171 1808 3221 branches,
1837 3172 1912 3213 the
1932 3172 2245 3225 Black-Adder‚

312 3222 395 3261 and
414 3221 746 3273 White-Adder,
768 3224 907 3264 whose
927 3224 1078 3265 united
1098 3228 1275 3265 streams
1294 3228 1415 3266 enter
1433 3226 1508 3267 the
1528 3225 1680 3267 Γ1111Ῑο011
1703 3239 1728 3266 0
1757 3227 1868 3269 little
1889 3229 2018 3269 above
2038 3228 2245 3271 Berwiok.

395 3276 405 3301 ·’
435 3277 527 3317 The
545 3277 710 3318 Leader
730 3278 823 3318 falls
842 3279 935 3319 into
955 3280 1029 3320 the
1050 3280 1203 3321 Tweed
1221 3280 1354 3321 below
1374 3280 1569 3322 Melrose.

388 3331 407 3365 -r'
436 3331 742 3384 Tynningham
774 3333 810 3373 is
840 3347 864 3374 a
897 3334 1017 3374 short
1049 3335 1237 3376 distance
1265 3336 1395 3375 north
1424 3336 1471 3376 of
1493 3336 1687 3387 Dunbar,
1714 3349 1770 3378 on
1798 3338 1872 3379 the
1899 3340 2071 3392 estuary
2101 3340 2149 3379 of
2172 3340 2245 3380 the

309 3386 422 3427 little
442 3387 554 3427 river
573 3388 706 3441 Tyne.
766 3388 857 3429 'Phe
875 3389 1078 3442 territory
1097 3391 1277 3442 granted
1296 3391 1401 3432 with
1419 3391 1467 3441 it,
1499 3391 1607 3432 from
1630 3392 1704 3433 the
1729 3392 2047 3434 Lammermuir
2065 3394 2181 3434 Hills
2199 3397 2245 3435 to

311 3441 387 3537 11110
417 3442 571 3483 mouth
606 3443 653 3484 of
688 3443 762 3484 the
796 3443 885 3484 Esk
922 3446 967 3485 at
997 3444 1318 3498 Musselburgh,
1347 3445 1539 3487 includes
1572 3447 1646 3488 the
1677 3447 1812 3489 whole
1845 3451 2030 3502 country
2061 3450 2109 3490 of
2143 3449 2249 3490 East

354 3497 515 3539 othian.

396 3551 414 3577 ¹²
445 3553 582 3594 There
602 3553 636 3593 is
657 3553 742 3594 still
762 3567 786 3594 a
805 3554 967 3595 church
987 3554 1032 3594 in
1053 3554 1173 3595 York
1201 3555 1421 3597 dedicated
1442 3559 1485 3596 to
1507 3556 1568 3598 St.
1591 3557 1816 3599 Cuthbert.
1875 3558 1958 3599 His
1978 3559 2139 3599 church
2160 3559 2247 3600 also

310 3608 522 3703 possessetd
552 3609 626 3650 the
657 3609 854 3651 rectories
882 3610 928 3650 of
952 3609 1023 3651 All
1058 3610 1214 3651 Saints’
1240 3611 1475 3652 Pavement
1494 3612 1576 3653 and
1599 3612 1659 3654 St.
1682 3613 1811 3655 Peter
1831 3614 1903 3654 the
1923 3613 2072 3664 Little,
2104 3613 2150 3654 in
2170 3615 2244 3655 the

312 3674 425 3703 same
445 3676 482 3704 01
505 3677 546 3715 y.
