2384 4126
327 336 350 383 1
363 335 429 384 72
914 350 1168 383 HISTORIA
1210 350 1667 385 TRANsLA'rioNUM

322 477 584 529 relatione
619 496 922 546 magnaque
955 478 1127 529 cordis
1160 477 1573 545 compunctione
1601 477 1792 546 saepius
1827 479 1962 530 solet
1991 479 2252 541 attestari,

324 551 590 616 quomodo
626 568 682 602 se
717 551 1078 618 praecedentes
1112 550 1305 600 fluctus
1344 550 1539 601 marini
1573 557 1694 618 post
1735 550 1962 618 vestigia
1996 551 2254 601 continuo

322 629 693 689 sequerentur,
736 623 812 674 ita
855 630 917 674 ut
959 640 1056 674 nec
1097 621 1359 689 paulatim
1401 622 1656 674 euntibus
1700 629 2108 691 praecurrerent,
2151 641 2252 675 nec

320 695 544 745 concitae
570 696 916 763 pergentibus
943 695 1146 746 diutius
1173 701 1530 746 remanerent.

1217 881 1351 932 VII.

326 990 586 1049 Quomodo
615 990 827 1056 quidam
847 988 1052 1054 furtum
1080 989 1220 1056 quod
1242 989 1298 1039 in
1332 990 1647 1040 monasterio
1688 990 1799 1056 ejus
1829 996 2250 1056 perpetraverat,

555 1062 665 1128 ipse.
680 1062 943 1128 prodidit,
972 1062 1150 1128 sicque
1174 1060 1367 1112 ibidem
1393 1061 1767 1113 miserabiliter
1791 1062 2035 1114 interiits

432 1182 689 1249 Superius
716 1181 947 1249 qualiter
973 1181 1243 1248 quendam
1270 1198 1366 1248 pro
1391 1180 1707 1244 latrociniis,
1743 1181 2066 1245 homicidiis,
2094 1183 2251 1234 furtis

321 1262 482 1323 atque
508 1254 710 1321 rapinis
738 1253 1182 1321 comprehensum
1202 1253 1290 1304 hic
1317 1253 1421 1304 Dei
1449 1253 1721 1305 confessor
1739 1254 2063 1318 liberaverit,
2092 1262 2251 1322 atque

323 1346 352 1378 a
377 1333 716 1394 persecutore
744 1343 839 1376 suo
866 1325 1215 1377 vindicaverit
1240 1325 1514 1392 posuimus
1537 1347 1546 1376 ε
1588 1343 1733 1377 nunc
1769 1333 1949 1377 autem
1985 1328 2251 1395 quomodo

323 1399 459 1450 alter
508 1417 605 1465 pro
656 1398 802 1449 furto
854 1398 997 1465 quod
1051 1398 1108 1448 in
1159 1398 1325 1465 ipsius
1375 1404 1772 1465 perpetraverat
1822 1400 2164 1462 monasterio,
2224 1419 2254 1450 a

324 1472 565 1523 daemone
587 1471 679 1521 diu
706 1471 1045 1538 graviterque
1071 1476 1265 1533 tortus,
1293 1470 1494 1521 ibidem
1520 1471 1743 1534 interiit,
1770 1489 2046 1538 ponemus.
2124 1473 2252 1523 Post

324 1544 699 1595 detestabilem
751 1544 1107 1611 omnibusque
1157 1543 1496 1594 notissimam
1548 1543 1820 1595 VValcheri
1872 1545 2253 1595 Dunelmensis

323 1617 558 1683 episcopi
608 1616 948 1679 occisionem,
1003 1634 1126 1666 cum
1175 1634 1266 1667 rex
1319 1616 1582 1682 gloriosus
1632 1615 1772 1667 idem
1827 1617 2133 1667 Willelmus
2185 1617 2251 1668 ad

322 1688 699 1739 vindicandam
725 1689 865 1738 tanti
899 1688 1151 1739 facinoris
1191 1688 1587 1739 immanitatem
1624 1688 1917 1739 exercitum
1955 1689 2251 1752 direxisset,

323 1779 509 1813 omnes
536 1779 659 1812 mox
684 1761 766 1811 illi
790 1767 1203 1828 praesumptores
1230 1766 1283 1811 et
1317 1760 1599 1811 homicidae
1632 1760 1777 1811 silvis
1805 1779 1859 1812 se
1888 1779 1948 1811 ac
1974 1762 2250 1813 montibus

325 1833 662 1885 abdiderunt.
740 1834 816 1884 At
842 1851 967 1884 vero
993 1833 1184 1899 vulgus
1219 1850 1376 1883 omne
1411 1832 1467 1882 in
1496 1851 1590 1882 sua
1625 1833 1897 1884 confidens
1922 1833 2250 1897 innocentia,

324 1906 463 1957 sicut
491 1906 748 1973 scriptum
777 1912 857 1956 est
884 1911 944 1955 ut
970 1905 1054 1956 leo
1075 1906 1256 1972 justus
1285 1905 1540 1967 confidit,³
1566 1905 1785 1955 solitum
1812 1906 1913 1956 sibi
1940 1907 2252 1973 cunctisque

322 1978 610 2046 probatum
637 1978 898 2045 angustiis
924 1977 1220 2029 beatissimi
1255 1977 1571 2028 confessoris
1604 1977 1759 2044 petiit
1784 1979 2159 2045 patrocinium,
2198 1985 2251 2030 et

324 2057 579 2102 consueto
608 2050 710 2101 sibi
736 2068 884 2101 more
909 2068 994 2101 res
1021 2068 1143 2100 suas
1177 2050 1235 2099 in
1268 2050 1435 2117 ipsius
1477 2050 1812 2117 conportavit
1846 2051 2249 2102 monasterium.

326 2123 544 2174 Interea
588 2122 806 2190 quidam
852 2140 916 2173 ex
957 2122 1040 2172 his
1084 2122 1176 2189 qui
1217 2128 1370 2173 erant
1414 2122 1472 2171 in
1518 2121 1756 2184 castello,
1800 2141 1992 2190 genere
2038 2124 2254 2191 quidem

326 2195 676 2261 Francigena,
714 2213 835 2246 cum
875 2200 958 2245 tot
988 2194 1124 2245 inibi
1159 2211 1308 2245 arcas
1341 2194 1491 2244 nullo
1527 2194 1864 2246 custodiente
1904 2196 2252 2263 conspiceret,

333 2268 601 2334 (custodes
630 2267 774 2319 enim
809 2267 865 2317 in
896 2266 1242 2318 interioribus
1276 2267 1588 2318 monasterii
1624 2285 1743 2334 quae
1770 2268 1852 2317 sui
1888 2274 2039 2318 erant
2066 2269 2250 2319 minis-

322 2340 445 2391 terii
483 2358 594 2391 non
630 2340 735 2390 ista
774 2339 1052 2402 curabant,
1098 2357 1197 2390 nec
1240 2339 1403 2390 etiam
1445 2339 1687 2406 quamvis
1726 2339 1855 2391 alibi
1892 2340 2162 2407 rapientes
2200 2348 2254 2393 et

321 2413 565 2463 furantes
605 2411 770 2480 aliqui
813 2412 1048 2479 regionis
1093 2411 1238 2462 illius
1284 2411 1553 2478 indigenae
1597 2412 1799 2480 templa
1843 2412 1947 2463 Dei
1991 2418 2253 2465 temerare

322 2485 674 2552 praesumunt)
718 2484 909 2552 spiritu
944 2484 1250 2551 deceptorio
1294 2501 1419 2535 mox
1461 2491 1630 2548 actUS,
1677 2490 1863 2551 aptum
1913 2484 1991 2536 ibi
2039 2485 2254 2536 furandi

321 2558 501 2608 locum
552 2563 684 2607 tunc
736 2575 791 2608 se
841 2557 1136 2624 repperisse
1188 2555 1566 2607 arbitrabatur.
1645 2557 1823 2623 Igitur
1863 2563 2052 2608 notata
2094 2564 2254 2609 nocte

323 2630 553 2697 quadam
581 2647 687 2696 qua
711 2629 812 2680 hoc
847 2635 1147 2696 opportune
1181 2634 1479 2696 perageret,
1517 2647 1547 2679 a
1583 2629 1893 2680 custodibus
1923 2631 2253 2693 monasterii,

322 2708 384 2752 ut
411 2702 707 2753 secundum
733 2719 937 2753 morem
963 2701 1151 2769 patriae
1181 2701 1316 2752 inibi
1341 2701 1599 2768 vigilandi
1623 2701 1843 2753 licentia
1869 2701 1971 2752 sibi
1998 2702 2252 2754 concede-

321 2780 486 2835 retur,
516 2791 578 2825 eo
606 2774 747 2840 quod
774 2774 875 2825 hoc
902 2775 1019 2825 Deo
1046 2773 1293 2836 vovisset,
1321 2773 1545 2840 rogavit.
1621 2774 1698 2824 At
1723 2774 1803 2824 illi
1834 2774 1913 2824 nil
1943 2774 2072 2825 mali
2098 2774 2156 2825 in
2192 2792 2253 2826 eo

322 2845 673 2913 suspicanteS,
717 2846 860 2912 quod
905 2846 1154 2897 omnibus
1197 2846 1508 2897 conceditur
1554 2845 1777 2908 devotiS,
1817 2846 1984 2913 ipsius
2024 2864 2253 2914 quoque,

322 2936 484 2985 quam
526 2918 831 2981 simulabat,
869 2917 1142 2969 devotioni
1179 2917 1533 2969 libentissime
1576 2926 1839 2968 annuunt.
1927 2918 2028 2968 Ille
2074 2925 2255 2969 autem

321 2995 539 3057 accepta
563 2990 799 3052 licentia,
827 3008 922 3057 per
954 2989 1292 3057 intempestae
1318 2989 1491 3040 noctis
1528 2989 1761 3051 silentia,
1795 2990 2010 3056 quando
2044 2991 2254 3057 gravior

319 3068 401 3114 est
446 3080 683 3125 somnus,
725 3079 849 3112 cum
888 3062 1136 3113 custodes
1175 3061 1405 3112 dormire
1455 3062 1796 3128 prospiceret,
1849 3061 2058 3112 furtum
2110 3063 2254 3129 quod

320 3134 565 3201 improba
607 3139 790 3185 mente
836 3139 1170 3201 conceperat,
1216 3133 1372 3184 malae
1415 3133 1639 3184 devotus
1684 3151 1859 3201 operae
1905 3134 2254 3202 adimplebat.

324 3207 428 3258 Sed
468 3206 653 3273 paucis
690 3205 814 3256 inde
852 3206 1107 3257 revolutis
1151 3205 1357 3268 diebuS,
1399 3223 1523 3256 cum
1558 3223 1658 3256 nec
1700 3206 1927 3274 alicujus
1968 3206 2099 3257 furti
2137 3207 2255 3258 loco

401 3341 416 3357 ⁷
446 3332 549 3372 This
578 3331 750 3372 miraele
780 3330 815 3371 is
842 3332 918 3371 not
944 3331 1115 3371 noticed.
1133 3331 1189 3383 by
1211 3330 1410 3383 Symeon,
1440 3344 1519 3372 nor
1539 3331 1591 3372 do
1611 3345 1697 3384 any
1716 3332 1762 3372 of
1787 3332 1861 3373 the
1881 3333 2136 3386 succeeding
2156 3347 2255 3375 ones

318 3388 408 3429 find
427 3401 451 3428 a
469 3388 586 3439 place
604 3387 651 3427 in
671 3387 736 3426 his
757 3386 980 3436 narrative,
1010 3387 1219 3438 although
1247 3386 1283 3426 it
1313 3386 1349 3426 is
1377 3387 1567 3439 brought
1587 3388 1711 3427 down
1730 3389 1776 3428 to
1795 3400 1820 3427 a
1839 3387 1966 3429 lower
1984 3389 2130 3440 period
2150 3390 2255 3429 than

317 3445 392 3484 the
423 3444 519 3484 date
549 3442 744 3495 assigned
773 3444 818 3482 to
852 3441 1010 3482 several
1039 3442 1085 3482 of
1121 3442 1254 3483 them.
1326 3441 1430 3482 This
1455 3443 1539 3482 and
1566 3443 1642 3483 the
1669 3443 1924 3496 succeeding
1957 3444 2150 3485 miracles
2183 3457 2253 3485 are

318 3500 403 3539 also
435 3499 626 3550 wanting
654 3497 701 3537 in
728 3497 934 3537 Harleian
965 3496 1059 3538 MS.
1082 3500 1204 3546 1924,
1233 3496 1280 3536 in
1309 3497 1449 3537 which
1479 3498 1553 3538 the
1574 3500 1757 3539 account
1778 3499 1824 3539 of
1848 3500 1922 3539 the
1942 3500 2194 3539 translation
2213 3500 2260 3540 of

318 3555 378 3595 St.
402 3554 649 3595 Cuthbert's
668 3553 792 3606 body,
813 3563 901 3594 Λα).
924 3555 1045 3604 1104,
1066 3551 1354 3605 immediately
1371 3554 1566 3594 succeeds
1581 3554 1655 3595 the
1670 3553 1883 3594 narrative
1899 3554 1944 3594 in
1964 3555 2039 3595 the
2058 3554 2254 3607 previous

319 3610 490 3650 section.

402 3672 413 3689 ¹
444 3665 566 3705 Prov.
589 3663 734 3705 xxviii.
758 3667 793 3704 1.
