2384 4126
312 360 383 410 46
931 378 1204 411 sYMEONIS
1245 377 1638 412 DUNELMENSIS

315 501 524 554 cialiter
569 502 637 554 ad
682 504 972 556 emendum
1023 505 1220 569 oleum,
1274 511 1328 557 et
1379 511 1596 557 centum
1649 504 1715 555 ad
1759 504 2018 555 honorem
2062 503 2247 554 Sancti

315 574 488 638 Pauli,
542 582 759 627 centum
811 578 1099 629 universali
1148 595 1299 645 papae
1353 578 1680 645 ApostoliCO.
1758 577 2030 628 Defuncto
2079 576 2247 642 igitur

314 647 593 699 Ethelulfo
619 667 744 717 rege
772 649 1020 717 glorioso,
1049 650 1190 700 filius
1217 650 1331 718 ejus
1358 650 1649 702 Ethelbald
1676 655 1863 700 contra
1883 649 1916 699 J
1921 666 2015 699 esu
2041 648 2245 699 Christi

315 718 666 771 interdictum
712 728 766 773 et
801 722 1228 773 Christianorum
1270 722 1635 786 traditionem,
1679 740 1739 773 ac
1781 727 1967 772 contra
2004 721 2246 771 omnium

314 791 659 859 Paganorum
704 794 1151 845 consuetudinem
1189 794 1411 845 thorum
1456 794 1621 863 patris
1663 794 1746 845 sui
1791 793 2100 856 ascendens,
2144 793 2242 842 Ju-

317 863 543 929 ditham,
574 866 764 916 Karoli
792 867 1119 917 Francorum
1147 867 1289 934 regis
1316 866 1500 930 filiam,
1544 884 1667 917 cum
1701 885 1899 933 magna
1930 865 2154 916 infamia
2187 864 2244 914 111

313 937 720 988 matrimonium
747 938 919 1001 duxit,
948 938 1283 1006 effraenisque
1310 939 1518 990 duobus
1554 947 1608 990 et
1644 939 1867 989 dimidio
1907 938 2061 989 annis
2088 937 2242 988 Occi-

313 1008 613 1060 dentalium
641 1010 914 1061 Saxonum
948 1017 1069 1078 post
1110 1011 1432 1062 nobilissimi
1467 1011 1632 1079 patris
1673 1011 1756 1062 sui
1790 1010 2000 1062 obitum
2034 1009 2245 1078 imperii

314 1081 681 1148 gubernacula
705 1083 896 1134 rexitsn

1170 1212 1395 1247 DCCCLX.

422 1295 585 1346 Anno
613 1312 745 1345 nccc
754 1294 841 1357 lx,
869 1294 1168 1346 nativitatis
1195 1294 1403 1346 Elfredi
1430 1294 1644 1346 clitonis
1679 1295 1908 1363 insignis
1934 1295 2025 1364 xij,
2054 1295 2243 1347 Ethel-

312 1365 440 1417 bald
468 1367 754 1418 defunctus
782 1375 862 1418 est
890 1374 1050 1435 atque
1075 1367 1133 1418 in
1161 1367 1486 1419 Scireburna
1512 1368 1770 1449 sepultus.
1852 1368 1975 1420 Quo
2012 1368 2189 1419 ablato
2218 1386 2245 1419 e

311 1439 525 1503 saeculo,
563 1439 893 1508 Ethelbyrht
932 1440 1099 1508 ipsius
1133 1440 1300 1491 frater
1340 1440 1437 1491 has
1475 1441 1771 1507 provincias
1810 1458 1906 1492 suo
1946 1459 2113 1508 regno
2152 1440 2243 1492 ad-

306 1512 508 1580 junxit,
543 1512 646 1563 hoc
682 1518 762 1563 est
789 1512 1040 1563 Cantiam
1076 1518 1129 1564 et
1158 1513 1492 1580 Suthrigam,
1535 1513 1860 1565 Suthsexam
1887 1530 2095 1594 quoque
2123 1531 2246 1564 cum

313 1584 564 1635 omnibus
589 1584 730 1635 villis
762 1590 816 1636 et
850 1585 1152 1648 territoriis,
1195 1591 1257 1636 ut
1292 1586 1503 1653 justum
1538 1592 1668 1636 erat.
1747 1586 1854 1636 In
1841 1586 2006 1654 ipsius
2035 1603 2245 1653 quoque

311 1656 466 1723 regni
508 1663 656 1707 statu
697 1675 927 1724 magnus
968 1626 1310 1724 Pagariorum
1356 1658 1622 1709 exercitus
1666 1658 1731 1708 de
1775 1658 1912 1709 mari
1958 1658 2246 1709 adveniens

310 1729 651 1780 Wintoniam
717 1729 989 1780 civitatem
1052 1730 1322 1781 hostiliter
1390 1730 1648 1782 invadens
1720 1730 2072 1798 depopulatus
2145 1736 2242 1781 est.

312 1801 597 1852 Exercitus
623 1819 747 1853 vero
783 1801 1068 1869 praedictus
1110 1820 1232 1853 011111
1271 1809 1631 1854 reverteretur
1665 1821 1786 1854 cum
1821 1803 2029 1870 ingenti
2070 1802 2248 1870 praeda

313 1874 381 1924 ad
431 1892 611 1936 naves,
656 1874 830 1937 Osric,
884 1874 1231 1941 dignissimus
1270 1874 1379 1925 dux
1420 1875 1919 1938 Hantunnensium,
1963 1894 2086 1926 cum
2138 1875 2247 1926 suis

312 1946 523 2014 populis
551 1946 783 2009 advenit,
812 1953 866 1998 et
893 1946 1155 1998 EthelWlf
1187 1964 1364 1998 comes
1389 1947 1617 2014 insignis
1644 1965 1766 1998 cum
1794 1948 2246 1999 Bearrocensibus

311 2019 540 2070 viriliter
584 2019 816 2070 occurrit
862 2037 983 2069 cum
1034 2019 1299 2071 immenso
1351 2020 1607 2082 exercitu,
1660 2026 2011 2087 consertoque
2063 2020 2246 2087 praelio

313 2091 519 2158 Pagani
570 2091 768 2159 passim
820 2091 1159 2142 trucidantur
1210 2091 1275 2142 ab
1326 2092 1521 2159 Anglis
1585 2092 1820 2142 suffultis
1883 2111 1914 2142 a
1969 2092 2244 2159 spiritibus

310 2163 584 2230 angelicis,
663 2164 907 2231 Cumque
936 2163 1138 2214 diutius
1164 2164 1347 2215 hostes
1375 2164 1629 2215 dirissimi
1656 2171 1796 2215 stare
1822 2164 2108 2231 nequirent
2135 2183 2243 2232 prae

309 2236 640 2298 vulneribus,
694 2236 919 2287 cadebat
965 2236 1256 2287 crudeliter
1295 2237 1623 2305 perplurima
1668 2236 1976 2300 multitudo,
2020 2236 2109 2287 alii
2152 2255 2243 2304 per

312 2308 540 2359 latibula
581 2308 867 2359 densarum
908 2308 1150 2376 veprium
1199 2327 1254 2360 se
1297 2309 1571 2372 abdentes,
1615 2308 1864 2360 nonnulli
1907 2309 2243 2360 muliebriter

305 2381 492 2448 fugam
535 2381 864 2448 arripientes.
942 2381 1110 2448 Angli
1143 2399 1268 2432 vero
1308 2382 1426 2433 loco
1464 2382 1669 2433 funeris
1709 2381 1926 2432 fortuna
1971 2381 2239 2433 arridente

305 2453 570 2504 dominati
596 2460 738 2504 sunt.
816 2453 1145 2522 Ethelbyrht
1185 2454 1367 2521 itaque
1413 2472 1504 2506 rex
1545 2454 1781 2522 quinque
1818 2453 1971 2504 annis
2012 2472 2240 2521 regnum

305 2525 410 2576 sibi
436 2526 782 2577 commissum
802 2526 1020 2593 pacifice
1041 2533 1094 2577 et
1122 2526 1424 2577 amabiliter
1452 2533 1612 2594 atque
1633 2526 2022 2577 honorabiliter
2048 2526 2241 2593 guber-

307 2598 458 2648 navit
474 2619 489 2660 ,·
521 2598 613 2665 qui
629 2616 751 2649 cum
769 2616 966 2665 magno
988 2617 1206 2649 suorum
1227 2599 1547 2667 principum,
1568 2599 1953 2667 episcoporum,
1976 2599 2244 2649 omnium-

308 2688 413 2737 que
439 2670 767 2737 populorum*
784 2670 966 2721 dolore
982 2671 1123 2721 viam
1144 2670 1511 2722 universitatis
1534 2671 1683 2734 adiit,
1711 2671 2022 2738 relinquens
2041 2671 2244 2722 terreni

313 2742 469 2809 regni
504 2742 872 2793 monarchiam
915 2742 1136 2794 alterius
1171 2743 1333 2809 coepit
1375 2760 1489 2795 esse
1526 2744 1806 2811 particeps.
1887 2743 2140 2810 Sepultus
2167 2749 2248 2794 est

311 2814 481 2881 igitur
512 2815 671 2882 juxta
707 2814 930 2865 fratrem
966 2833 1124 2865 suum
1163 2814 1222 2865 in
1266 2814 1647 2879 Scireburnan,
1691 2832 1796 2881 quo
1839 2821 2084 2882 expectat
2121 2833 2246 2867 con-

314 2886 634 2938 solationem
660 2885 856 2938 futurae
881 2886 1333 2938 resurrectionis.'²

1140 3078 1424 3113 DCCCLXIV.

422 3163 584 3213 Anno
606 3159 892 3227 Dcoo.lxiiij
914 3160 1120 3227 Pagani
1139 3160 1513 3213 hiemaverunt
1533 3162 1591 3213 111
1617 3163 1796 3214 insula
1816 3181 1933 3230 quae
1951 3162 2249 3231 appellatur

310 3234 512 3297 Tened,
556 3250 673 3301 quae
709 3232 1074 3283 circumdatur
1107 3233 1346 3300 undique
1380 3235 1543 3286 maris
1579 3235 1817 3287 flumine.
1897 3236 2006 3287 Qui
2032 3236 2247 3286 firmum

312 3326 436 3359 011111
478 3304 784 3357 Cantuariis
824 3304 1145 3372 pepigerunt
1183 3305 1373 3370 foedus,
1411 3307 1606 3374 quibus
1649 3307 1930 3359 Cantuarii
1965 3307 2248 3375 pecuniam

313 3398 409 3448 pro
446 3378 645 3430 :foedere
684 3384 892 3428 servato
930 3376 1152 3428 reddere
1186 3379 1566 3445 promiserunt.
1645 3381 1864 3431 Interea
1898 3386 2082 3430 tamen
2108 3379 2252 3430 Dani

314 3452 534 3520 vulpino
554 3468 703 3501 more
729 3454 895 3500 noctu
921 3449 1060 3499 clam
1087 3450 1274 3501 castris
1301 3457 1661 3519 erumpenteS,
1690 3452 1994 3519 foedereque
2016 3452 2248 3519 diruptO,

393 3594 420 3611 ’¹¹
451 3585 542 3626 'Phe
569 3585 714 3625 events
734 3582 835 3623 here
864 3581 1067 3623 recorded
1099 3582 1235 3623 under
1263 3583 1335 3624 the
1354 3597 1456 3635 year
1487 3586 1583 3631 855,
1611 3585 1691 3625 but
1711 3584 1850 3625 which
1881 3584 2014 3637 really
2039 3583 2247 3636 occupied

305 3643 402 3683 that
421 3641 505 3682 and
524 3641 598 3681 the
618 3640 714 3680 four
734 3637 949 3689 following
966 3650 1100 3689 years,
1124 3651 1194 3678 are
1213 3639 1341 3678 taken
1364 3640 1473 3679 from
1495 3640 1636 3680 Asser.

386 3705 404 3722 '¹
439 3695 614 3747 Wholly
636 3695 744 3734 from
764 3693 905 3733 Asser.
