2384 4126
810 355 1053 390 AUCTORE
1093 354 1376 388 ANONYMO.
1950 341 2053 390 139

141 482 480 545 Hesterhoh,³
520 487 574 533 et
615 481 930 532 Gistatatun
965 487 1017 532 et
1053 479 1397 547 Waquirtun,
1440 484 1494 530 et
1533 478 1778 540 Cliftun,t
1813 484 1867 530 et
1899 480 2049 530 Scer-

135 555 331 616 bedle,²‘
362 560 415 605 et
443 553 689 616 Colwela,
726 559 780 604 et
804 552 1205 615 Eltherburna,²'
1237 557 1291 602 et
1317 549 1751 612 Thornburnum,
1779 555 1833 600 et
1861 550 2051 601 Scoca-

133 626 292 687 dfin,¹0
319 631 372 676 et
398 625 676 688 Gatha’11,⁹³
701 631 754 676 et
780 624 1159 675 Minethrumst
1247 624 1319 674 Et
1352 622 1466 689 ipse
1502 627 1718 672 sanctus
1754 620 1917 671 abbas
1952 622 2050 672 sub

133 696 440 748 testimonio
476 696 641 763 ipsius
675 696 816 763 regis
848 695 1232 746 monasterium
1259 694 1464 745 Melros
1500 710 1622 743 cum
1659 691 1907 743 omnibus
1942 693 2051 743 suis

134 768 469 835 appenditiis,
520 773 581 818 ut
625 767 847 819 haberet
889 766 1026 817 illud
1071 766 1342 833 proprium
1385 770 1505 832 post
1547 764 1688 815 diem
1729 763 1909 814 obitus
1949 764 2047 815 sui.

135 840 256 892 Quo
281 845 494 890 mortuo
519 839 661 890 idem
699 841 928 890 Sanctus
964 838 1296 889 Cuthbertus
1333 842 1453 904 post
1492 854 1616 887 eum
1651 835 1814 886 abbas
1850 835 2047 898 extitit,

132 917 185 962 et
204 911 296 961 diu
321 911 397 961 ibi
416 911 565 972 vixit,
592 910 814 961 verbum
839 910 943 961 Dei
969 909 1356 976 evangelizans,
1385 913 1438 959 et
1464 906 1871 958 multitudinem
1895 925 2046 974 mag-

130 1000 256 1033 nam
281 982 572 1049 baptizans.
636 982 874 1033 Tandem
901 981 1187 1049 disponens
1208 980 1405 1031 arctius
1424 979 1617 1041 vivere,
1634 978 1759 1029 inde
1786 978 1967 1041 exivit,
1996 985 2049 1030 et

129 1054 187 1103 in
229 1053 495 1120 quandam
529 1061 790 1105 remotam
823 1053 1057 1104 insulam
1096 1052 1313 1103 nomine
1348 1051 1577 1101 Pharnez
1612 1068 1667 1101 se
1704 1049 1950 1112 contulit,
1994 1056 2048 1101 et

129 1125 206 1176 ibi
246 1142 340 1192 per
382 1143 572 1176 novem
624 1143 790 1176 annos
835 1143 889 1176 se
941 1124 1091 1191 quasi
1134 1124 1191 1174 in
1242 1140 1451 1174 carcere
1496 1121 1759 1173 conclusit
1801 1139 2047 1188 pugnans

130 1203 316 1247 contra
343 1197 565 1247 humani
596 1197 805 1264 generis
837 1197 1065 1259 hostem,
1092 1214 1160 1247 ne
1186 1213 1338 1246 mens
1365 1212 1460 1245 sua
1486 1212 1516 1245 a
1541 1195 1659 1245 Deo
1686 1199 2043 1244 averteretur:

132 1273 185 1319 et
210 1268 285 1319 ibi
311 1274 424 1319 erat
451 1286 573 1319 cum
608 1286 669 1319 eo
711 1268 941 1335 Spiritus
981 1269 1226 1329 Sanctus,
1263 1266 1400 1317 sicut
1437 1283 1581 1316 nunc
1620 1270 1718 1327 est,
1759 1271 1812 1316 et
1840 1282 2048 1332 semper

131 1339 247 1390 erit.
324 1341 393 1390 In
432 1340 531 1390 hac
572 1340 757 1391 eadem
791 1340 966 1390 insula
1010 1339 1102 1389 diu
1137 1344 1372 1389 moratus
1409 1343 1490 1388 est
1538 1338 1768 1388 Sanctus
1802 1336 2046 1387 Aidanus

128 1411 404 1478 episcopus
454 1417 693 1478 tempore
742 1411 938 1462 Pendae
986 1411 1126 1476 regis
1176 1410 1272 1460 filii
1314 1408 1631 1477 Wybbindi,
1683 1407 1874 1475 quibus
1926 1425 2043 1458 suc-

128 1483 284 1533 cessit
314 1500 406 1533 rex
433 1483 738 1549 Osvingius
815 1482 1020 1533 Eodem
1056 1489 1295 1548 tempore
1323 1481 1607 1531 defunctus
1640 1496 1733 1530 rex
1769 1479 2044 1546 Oswegius

129 1560 227 1617 est,
271 1560 323 1605 et
366 1554 609 1621 regnavit
651 1571 746 1621 pro
797 1571 859 1605 eo
902 1554 1044 1604 filius
1093 1553 1207 1620 ejus
1257 1552 1528 1619 ngridus.
1621 1550 1743 1602 Quo
1783 1556 2042 1617 regnante

126 1625 434 1676 Theodorus
469 1625 910 1692 archiepiscopusa
950 1623 1302 1675 Eboracensis
1337 1629 1391 1674 et
1432 1622 1605 1674 omnis
1638 1621 1866 1689 populus
1898 1639 2041 1672 com-

124 1697 273 1746 muni
325 1697 562 1759 consilio,
616 1703 669 1747 et
713 1714 821 1746 una
865 1696 1162 1757 concordia,
1211 1696 1471 1745 Sanctum
1518 1693 1875 1745 Cuthbertum
1925 1693 2042 1743 fieri

124 1768 429 1835 episcopum
456 1768 595 1834 apud
618 1767 1052 1819 Helstaldesham
1080 1766 1524 1817 acclamaverunt.
1589 1764 1692 1815 Ille
1719 1781 1841 1815 vero
1868 1764 2041 1814 omni-

123 1839 223 1890 bus
253 1839 424 1890 modis
449 1839 797 1902 renitebatur,
838 1857 893 1890 se
931 1844 1282 1918 peccatorem,
1324 1844 1377 1888 et
1416 1837 1724 1903 episcopatu
1760 1835 2042 1902 indignum

124 1929 379 1974 asserens,
408 1917 461 1962 et
487 1929 542 1962 se
567 1911 624 1961 in
651 1929 747 1962 sua
764 1910 941 1961 insula
962 1909 1257 1961 arctissime
1285 1909 1608 1959 concludens
1635 1908 1877 1974 exemplo
1897 1907 2042 1958 beati

123 1982 371 2049 Gregorii
395 2000 562 2050 papae,
600 1983 691 2050 qui
729 2000 852 2033 cum
889 1988 1160 2050 peteretur
1194 1981 1471 2048 episcopus
1508 1999 1537 2031 a
1564 1979 1841 2042 RomaniS,
1877 1978 2038 2045 fugit,

123 2060 176 2105 et
202 2072 311 2105 non
335 2054 438 2104 nisi
463 2072 557 2121 per
581 2055 688 2105 vim
715 2054 891 2117 rediit,
932 2053 1226 2105 secundum
1260 2052 1395 2102 illud
1421 2050 1826 2117 Evangelicum,
1861 2051 2041 2101 Omnis

120 2127 208 2192 qui
233 2144 287 2177 se
307 2128 509 2177 eoealtat
529 2127 909 2187 humzlzabffur,
931 2131 981 2176 et
1008 2126 1096 2192 qui
1122 2142 1175 2175 se
1202 2125 1443 2175 humzliat
1469 2123 1805 2174 eoealtabz‘tur.
1811 2121 1827 2152 ᾖ
1889 2123 2040 2173 Tunc

118 2215 212 2248 rex
250 2197 553 2264 Ecgfridus,
593 2203 646 2249 et
678 2197 1101 2276 archiepiscopus
1130 2195 1456 2257 Theodorus,
1495 2200 1548 2245 et
1586 2194 1760 2245 omnis
1793 2193 2038 2260 populus,

120 2275 443 2335 congregata
477 2269 696 2336 synodO,
734 2268 1006 2319 communi
1032 2267 1252 2319 consilio
1279 2267 1646 2328 decreverunt,
1673 2271 1735 2315 ut
1761 2282 1901 2327 eum,
1929 2265 2037 2316 vel-

117 2340 194 2391 let
236 2340 421 2402 nollet,
464 2339 529 2391 de
568 2340 744 2390 insula
784 2339 1089 2402 educerent,
1135 2344 1189 2390 et
1229 2339 1285 2388 in
1324 2337 1630 2405 episcopatu
1666 2335 2034 2403 subrogarent.

121 2411 279 2462 Quod
318 2417 371 2462 et
410 2411 614 2462 factum
649 2417 745 2462 est.
824 2411 1032 2477 Raptus
1068 2410 1212 2461 enim
1252 2428 1277 2460 a
1320 2409 1516 2476 populo
1546 2409 1703 2476 juxta
1736 2407 2035 2458 Eboracam

121 2483 392 2534 civitatem
420 2482 485 2533 ad
515 2482 695 2533 villam
731 2500 847 2549 quae
872 2488 1091 2533 vocatur
1116 2481 1277 2532 Alna⁶
1308 2480 1584 2531 deductus.
1664 2478 1791 2541 Ubi,
1820 2485 2038 2546 accepto

119 2554 184 2605 ab
205 2554 452 2605 omnibus
471 2553 743 2605 fidelitatis
764 2559 1114 2616 sacramento,
1133 2553 1199 2604 ad
1214 2552 1511 2603 Eboracam
1529 2550 1799 2602 civitatem
1819 2550 2036 2601 honori-

117 2701 290 2753 pointed
308 2701 399 2751 hill,
428 2714 484 2741 on
504 2701 577 2742 the
596 2702 669 2753 top
689 2701 735 2741 of
759 2699 928 2741 which
918 2713 952 2740 1s
971 2713 996 2740 a
1015 2699 1182 2740 natural
1206 2699 1321 2749 rock,
1351 2712 1406 2739 on
1426 2698 1564 2739 which
1584 2710 1654 2738 are
1674 2710 1803 2749 many
1822 2697 2037 2737 thousand

117 2760 213 2797 tons
246 2757 292 2797 of
316 2759 468 2807 stones,
497 2756 709 2805 collected,
739 2756 821 2795 and
854 2754 939 2795 laid
970 2755 1016 2794 in
1044 2754 1201 2795 circleS.
1260 2754 1305 2794 It
1335 2754 1437 2794 rises
1471 2754 1535 2793 for
1568 2765 1592 2792 a
1622 2752 1720 2793 mile
1749 2755 1793 2792 at
1820 2753 1933 2804 forty
1937 2753 2036 2792 —five

116 2812 287 2862 degrees
306 2811 512 2852 elevation
543 2811 652 2851 from
677 2811 733 2850 its
761 2810 898 2851 base''
929 2809 1207 2862 (Compam'on
1231 2813 1273 2849 to
1297 2808 1560 2860 Armstrony'
1564 2822 1584 2847 s
1605 2809 1713 2860 Map
1734 2809 1786 2860 (ΞΓ
1808 2808 2038 2847 Nortkum-

117 2865 483 2970 berlaffeslgfgtii,
528 2933 575 2961 or
608 2919 925 2972 Hesterheugh‚
963 2919 1037 2959 the
1068 2918 1144 2958 hill
1179 2919 1307 2959 above
1340 2917 1473 2958 Kirk-
1475 2916 1693 2966 Yetholm,
1731 2917 1922 2958 between
1960 2916 2035 2957 the

114 2975 356 3017 Beaumont
374 2976 458 3015 and
472 2953 631 3015 ’Halter
635 2976 777 3015 -b.urn

197 3033 209 3055 ἲ
238 3030 473 3081 GateshaW,
492 3030 710 3080 Whitton‚
738 3029 822 3070 and
842 3028 1016 3079 Clifton,
1045 3027 1130 3068 all'
1119 3040 1165 3067 1n
1184 3027 1258 3068 the
1277 3027 1420 3080 parish
1441 3027 1487 3067 of
1511 3025 1757 3076 Morbattle,
1775 3025 2036 3078 Roxburgh-

114 3085 238 3126 shire.

197 3147 215 3164 ¹‘
246 3139 463 3180 Scerbedle
483 3139 635 3179 should
653 3139 705 3179 be
725 3137 956 3187 Merbedle,
986 3150 1079 3177 now
1099 3136 1344 3178 Morbattle.

196 3201 212 3218 υ
242 3194 521 3244 Halterburn,
550 3194 596 3233 in
615 3194 689 3234 the
707 3193 850 3244 parish
870 3193 916 3232 of
940 3191 1159 3232 Yetholm.

197 3255 219 3271 '⁶
249 3247 444 3298 Shotton,
472 3248 519 3288 in
537 3249 611 3288 the
630 3248 772 3299 parish
792 3248 840 3287 of
864 3246 1161 3296 Kirknewton,
1190 3245 1600 3287 Northumberland.

196 3308 217 3325 1
244 3302 459 3352 Yetholm,
488 3315 535 3342 or
554 3302 754 3352 Yetham,
782 3302 827 3342 in
850 3302 1213 3353 Roxburghshire.

194 3363 214 3387 ⁹
244 3356 468 3406 Mindrim,
495 3357 542 3397 in
560 3357 634 3398 the
652 3357 794 3408 parish
813 3356 859 3397 of
884 3356 1081 3406 Carham,
1109 3354 1517 3396 Northumberland.

198 3418 215 3488 Z
243 3410 461 3504 {hebdom
490 3464 575 3504 had
604 3465 678 3505 the
704 3465 856 3516 charge
877 3464 923 3505 of
947 3465 1020 3506 the
1040 3464 1262 3505 Northern
1282 3464 1445 3505 church
1472 3462 1631 3515 during
1650 3475 1704 3502 an
1724 3462 2031 3513 interregnum.

116 3519 266 3559 Hence
285 3519 351 3558 his
370 3531 493 3559 name
514 3519 561 3558 of
583 3519 847 3571 archbishop.
1182 3518 1197 3543 ⁶
1228 3518 1352 3559 Luke
1373 3518 1458 3558 xiv.
1481 3521 1546 3558 11.

197 3579 211 3596 ⁶
238 3573 362 3622 Alne,
393 3586 492 3613 near
521 3573 801 3625 Easingwold.
860 3573 1044 3625 Symeon
1071 3573 1305 3614 confounds
1333 3573 1421 3614 this
1449 3573 1565 3624 place
1586 3571 1689 3611 with
1710 3571 1783 3611 the
1810 3569 1921 3610 river
1948 3568 2035 3609 Aln

113 3627 159 3667 in
180 3627 589 3677 Northumberland,
621 3630 734 3668 Hist.
757 3629 965 3677 Dameam„
985 3628 1027 3678 i.,
1047 3631 1086 3669 9.
