2384 4126
768 393 1035 427 HISTORIAE
1076 394 1459 429 CONTINUATIO.
1974 387 2076 434 113

153 538 262 571 non
286 519 554 570 facturum
594 518 651 569 in
678 537 774 570 sua
798 520 900 571 fide
927 520 1268 587 spopondisse
1296 521 1567 572 confessus
1593 527 1690 573 est.
1749 524 1863 586 Ait,
1905 529 1938 552 “
1956 527 2073 592 Ego

154 596 189 618 “
208 590 546 658 Apostolicus
575 608 710 654 sum,
750 597 804 642 et
841 592 883 642 si
925 592 1111 644 feceris
1139 592 1280 659 quod
1305 593 1519 660 postulo
1546 594 1611 644 ab
1637 594 1738 645 hac
1763 595 1888 646 fidei
1914 615 2070 663 spon-

154 666 188 690 “
210 662 356 713 sione
382 668 435 713 te
464 662 747 714 absolvam.
824 663 1086 714 Tractabo
1124 665 1189 715 de
1226 665 1385 727 hoc,’'
1426 665 1518 727 ait,
1561 670 1596 693 “
1617 671 1670 716 et
1697 667 1838 733 quod
1865 669 2072 718 consilii

154 734 313 785 “mei
352 740 507 785 tenor
542 734 806 785 invenerit
845 735 946 786 tibi
989 736 1334 787 notificabo.’'
1413 737 1560 787 Hinc
1600 756 1630 788 a
1667 757 1804 805 papa
1837 740 2068 790 recessit.

152 805 253 855 Cui
292 824 385 872 per
424 806 791 857 internuncios
836 807 900 857 de
943 808 1160 874 negotio
1204 808 1281 858 ita
1319 809 1609 875 respondit.
1690 815 1722 837 “
1745 811 1848 867 Pro
1894 829 2070 862 amore

152 882 187 904 “
210 883 384 928 vestro
420 878 512 944 qui
546 884 824 945 tantopere
862 880 1159 946 postulatis,
1201 898 1263 931 ea
1298 881 1605 932 conditione
1635 882 1950 932 Turstinum
1979 884 2068 933 ad-

152 950 364 1000 “mitto
407 950 464 999 in
503 950 894 1017 pontificatum,
933 957 996 1000 ut
1031 951 1418 1018 subjectionem
1457 971 1617 1019 quam
1657 954 2070 1020 praedecessores

148 1024 184 1047 “
205 1021 318 1088 ejus
353 1021 589 1072 fecerant
627 1022 862 1073 ecclesiae
889 1023 1264 1074 Cantuariensi
1290 1024 1468 1086 faciat,
1510 1026 1665 1077 aliter
1689 1044 1774 1076 me
1808 1033 2069 1093 regnante

146 1096 180 1120 “
200 1093 526 1144 Eboracensi
552 1094 782 1146 ecclesiae
809 1112 915 1144 non
943 1095 1302 1161 praesidebit.”
1383 1097 1486 1147 His
1512 1097 1588 1148 ita
1615 1098 1794 1165 gestis,
1836 1098 2065 1149 abeunte

145 1165 474 1232 Apostolico,
501 1167 785 1217 Turstinus
811 1167 1068 1217 remansit
1094 1167 1150 1217 in
1178 1168 1372 1218 Gallia.

256 1237 580 1301 Willelmus,
620 1238 761 1288 filius
799 1239 937 1305 regis
980 1239 1205 1290 Henrici
1242 1246 1294 1290 et
1326 1240 1612 1292 Mahtildis
1640 1241 1837 1309 reginae
1865 1243 2068 1310 accepit

146 1326 365 1359 uxorem
391 1310 555 1360 filiam
583 1310 792 1361 comitis
818 1311 1305 1377 Andegavensium.

1027 1465 1190 1498 MCXX.

255 1539 416 1588 Anno
463 1556 644 1601 M.cxx,
696 1557 789 1590 rex
828 1539 1131 1606 Anglorum
1179 1540 1445 1590 Henricus
1498 1546 1551 1591 et
1595 1559 1688 1592 rex
1741 1542 2066 1593 Francorum

145 1609 478 1672 Ludowicus,
506 1617 626 1677 post
652 1611 823 1661 multa
849 1628 1067 1661 suarum
1093 1611 1327 1678 partium
1355 1611 1693 1676 detrimenta,
1737 1613 1822 1664 die
1859 1615 2062 1681 praesti-

145 1687 265 1731 tuta
307 1681 496 1732 ineunt
538 1682 816 1749 colloquia.
897 1683 1018 1734 Quo
1060 1700 1122 1733 ex
1174 1701 1438 1733 consensu
1489 1685 1785 1735 concordiae
1829 1692 2062 1752 peracto,

137 1752 292 1818 jussu
319 1754 459 1820 regis
489 1754 728 1815 Henrici,
756 1754 895 1803 filius
924 1755 1037 1821 ejus
1064 1754 1387 1816 WVillelmus,
1424 1755 1567 1806 facto
1592 1756 1707 1822 regi
1735 1758 2062 1807 Francorum

143 1824 397 1887 hominio,
426 1826 775 1876 Normanniae
814 1825 913 1876 sub
947 1826 1040 1876 illo
1076 1826 1299 1892 suscipit
1333 1826 1707 1893 principatum.
1786 1829 1874 1878 Ita
1913 1829 2063 1880 rede-

143 1896 362 1947 untibus
388 1897 446 1946 in
472 1915 655 1964 pacem
681 1897 913 1964 regibus,
942 1904 1058 1948 tota
1088 1898 1470 1948 tumultuantis
1496 1900 1847 1951 Normanniae
1874 1901 2063 1952 seditio

141 1969 525 2035 comprimitur,
567 1975 619 2020 et
662 1969 754 2036 qui
795 1975 981 2020 contra
1024 1970 1303 2020 dominum
1345 1989 1503 2021 suum
1547 1972 1846 2023 Henricum
1880 1991 2062 2040 regem

142 2058 289 2091 arma
314 2041 634 2104 levaverant,
672 2048 890 2092 curvata
931 2041 1030 2093 sub
1066 2042 1179 2109 ejus
1218 2042 1516 2093 dominium
1553 2044 1771 2107 cervice,
1800 2045 2027 2096 redeunt
2044 2068 2059 2108 3

140 2118 194 2162 et
232 2113 484 2179 quoniam
518 2114 572 2163 in
615 2113 898 2164 concordia
936 2132 1125 2181 regum
1166 2114 1410 2165 facienda
1445 2115 1872 2183 archiepiscopus
1900 2118 2060 2168 Turs-

138 2184 284 2235 tinus
329 2185 641 2251 vigilantem
683 2204 737 2237 se
780 2204 839 2236 ac
884 2185 1197 2252 diligentem
1242 2186 1501 2249 exhibuit,
1547 2187 1648 2238 hac
1694 2188 1776 2238 sui
1827 2189 2059 2240 efficacia

139 2257 443 2323 proniorem
472 2258 537 2307 ad
563 2260 676 2308 sese
702 2257 1067 2324 recipiendum
1092 2258 1233 2324 regis
1262 2258 1498 2308 animum
1528 2258 1749 2309 inflexit.
1826 2261 1913 2310 Ad
1957 2261 2059 2312 hoc

139 2328 363 2395 epistola
388 2329 685 2395 Apostolici
727 2329 792 2379 ad
825 2347 1008 2396 regem
1041 2330 1157 2396 jam
1190 2336 1467 2396 parantem
1499 2330 1671 2381 redire
1705 2331 1761 2380 in
1800 2332 2057 2399 Angliam

138 2399 381 2463 directa,d
405 2401 717 2451 Turstinum
745 2401 1198 2468 archiepiscopum
1225 2401 1508 2468 suscipere,
1552 2408 1605 2452 et
1639 2402 1696 2452 in
1732 2421 1882 2453 suam
1919 2422 2054 2470 prae-

138 2473 277 2539 cepit
305 2472 581 2523 ecclesiam
608 2472 755 2523 omni
780 2472 1077 2539 postposita
1103 2474 1442 2523 excusatione
1467 2473 1763 2525 restituere.
1844 2476 1950 2526 Sed
1989 2477 2055 2527 ad

137 2544 238 2594 hoc
265 2550 589 2611 praeceptum
626 2544 754 2611 quid
788 2544 1124 2611 potissimum
1162 2544 1480 2611 respondeat
1515 2563 1607 2596 rex
1634 2546 1845 2597 distulit
1884 2547 2053 2599 donec

136 2616 359 2667 redisset
384 2616 441 2666 in
467 2616 723 2682 Angliam
740 2637 754 2678 3
796 2616 906 2679 ubi,
936 2622 1257 2683 congregato
1293 2616 1536 2679 concilio,
1581 2617 1708 2684 quid
1742 2618 1885 2669 facto
1919 2637 2050 2686 opus

138 2694 275 2738 esset
325 2688 585 2738 maturius
637 2688 982 2755 perquireret.
1084 2688 1436 2739 Normanniae
1488 2688 1770 2756 principes,
1829 2691 2054 2757 jubente

136 2778 276 2825 rege,
319 2760 428 2810 filio
469 2778 564 2810 suo
595 2759 887 2822 Willelmo,
924 2761 1038 2827 jam
1082 2767 1211 2811 tunc
1255 2760 1378 2827 xviij
1425 2778 1704 2824 annorum,
1750 2762 2050 2814 hominium

135 2832 357 2894 faciunt,
385 2838 439 2882 et
465 2831 737 2882 fidelitatis
764 2832 1104 2883 securitatem
1126 2832 1471 2883 sacramentis
1498 2833 1778 2884 affirmant.
1857 2835 2049 2902 ltaque

134 2922 226 2954 rex
271 2904 517 2955 omnibus
564 2903 655 2970 qui
699 2910 885 2954 contra
929 2922 984 2954 se
1023 2904 1423 2955 insurrexerant
1463 2904 1547 2955 vel
1586 2905 1805 2956 devictis
1843 2907 1925 2957 vel
1963 2926 2045 2959 re-

133 2975 437 3043 pacificatiS,
466 2976 777 3042 cunctisque
814 2976 879 3026 ad
903 2982 1090 3026 votum
1126 2993 1371 3043 prospere
1407 2977 1651 3043 peractis,
1695 2978 1884 3044 quinto
1924 2998 2044 3046 pro-

134 3047 381 3099 fectionis
408 3066 516 3099 suae
543 3065 682 3098 anno
708 3047 938 3099 necdum
965 3048 1249 3114 completO,
1291 3048 1462 3099 laetior
1497 3049 1670 3111 solitO,
1710 3050 1767 3099 in
1794 3051 2048 3117 Angliam

133 3120 306 3169 multo
344 3119 599 3186 [navigio]
634 3119 920 3170 revehitur.
998 3120 1350 3186 Delegaverat
1386 3126 1565 3171 autem
1599 3121 1709 3171 filio
1749 3129 2047 3190 cunctoque

133 3191 277 3241 illius
305 3191 583 3242 comitatui
608 3209 793 3242 navem
824 3210 928 3258 qua
951 3192 1102 3242 nulla
1127 3192 1183 3241 in
1210 3198 1323 3242 tota
1350 3192 1515 3242 classe
1535 3192 1815 3244 videbatur
1839 3195 2045 3258 melior,

135 3263 228 3313 scd
264 3269 325 3313 ut
369 3269 588 3314 eventus
634 3263 885 3326 ostendit,
926 3263 1077 3313 nulla
1119 3263 1397 3314 infelicior.
1475 3264 1634 3315 Patre
1659 3283 1890 3333 namque
1914 3285 2046 3333 prae-

133 3340 312 3396 eunte,
365 3335 523 3401 paulo
572 3335 776 3385 tardius
828 3335 919 3386 sed
967 3335 1236 3386 infelicius
1286 3334 1608 3402 sequebatur
1661 3337 1818 3387 filius.
1895 3339 2048 3389 Nave

135 3405 326 3471 quippe
369 3423 478 3456 non
520 3406 679 3473 longe
730 3425 760 3457 a
808 3412 952 3457 terra
993 3407 1051 3456 in
1088 3407 1202 3474 ipso
1240 3407 1607 3458 velificationis
1645 3407 1850 3476 impetu
1893 3427 2049 3476 super

135 3476 377 3542 scopulos
422 3476 478 3526 in
521 3477 636 3543 ipso
687 3478 835 3529 exitu
879 3478 1056 3529 delata
1106 3496 1166 3529 ac
1219 3478 1497 3540 dissoluta,
1549 3479 1690 3529 filius
1741 3480 1882 3546 regis
1926 3497 2048 3530 cum

134 3546 380 3597 omnibus
427 3547 518 3613 qui
558 3566 737 3599 secum
779 3556 932 3599 erant
975 3550 1181 3600 interiit
1220 3551 1266 3616 vj
1304 3550 1411 3600 kal.
1456 3550 1785 3611 Decembri&
1831 3551 1963 3601 feria
1999 3570 2048 3613 v,

870 3690 888 3713 ‘¹
917 3688 1113 3738 Eadmer,
1143 3702 1181 3740 p.
1208 3693 1296 3729 136.

1739 3763 1756 3794 Ι
