2384 4126
789 382 975 416 SANC'H
1016 383 1343 417 CUTHBERTI.
1916 374 1939 421 1
1952 373 2018 423 73

105 511 197 561 illo
222 509 511 577 perpetrati
537 509 620 560 vel
647 509 834 560 saltem
864 509 1092 576 suspicio
1117 508 1406 560 haberetur
1420 531 1434 572 3
1476 527 1620 573 nam,
1663 516 1724 561 ut
1769 511 2017 575 diximuS,

106 583 162 633 in
197 582 417 633 ecclesia
457 581 663 631 furtum
698 581 871 632 facere
910 581 1092 631 nullus
1127 581 1203 632 ibi
1236 582 1530 648 praesumit,
1558 582 1873 649 aegritudine
1901 602 2019 650 gra-

104 654 318 704 vissima
344 659 397 703 et
430 652 710 719 repentina
748 652 840 704 ille
875 653 1176 720 corripitur,
1221 659 1274 703 et
1307 659 1564 720 tanquam
1591 654 1715 720 igne
1742 654 2019 706 ferventis-

105 726 238 775 simo
270 725 600 791 decoquitur.
682 725 800 775 Hac
840 724 931 775 ille
973 724 1173 775 ardoris
1209 725 1578 791 magnitudine
1612 726 1669 775 in
1703 726 1899 776 mentis
1935 727 2016 777 in-

106 797 309 847 saniam
346 814 544 858 versus,
587 796 726 846 lecto
769 796 986 859 exilivit,
1029 802 1084 847 et
1117 802 1179 847 ut
1218 797 1275 847 in
1311 797 1423 847 sola
1464 803 1578 847 erat
1613 797 1828 848 camisia
1863 816 2021 850 cursu

103 868 436 935 rapidissimo
464 885 710 934 campum
738 867 886 930 adiit,
930 886 1192 935 suumque
1226 868 1337 918 illic
1365 869 1457 935 qui
1482 868 1798 935 pascebatur
1824 887 2020 937 equum

103 940 408 1001 ascendens,
436 939 491 988 in
527 939 910 990 monasterium
954 945 1077 990 ante
1110 940 1284 1006 ipsum
1320 940 1630 991 crucifixum
1668 959 1789 991 cum
1815 942 2020 1009 impetu

102 1029 296 1078 magno
346 1011 510 1073 venit,
555 1011 769 1061 ululans
823 1011 1254 1078 horribiliterque
1303 1013 1657 1079 proclamans,
1702 1018 1734 1040 “
1758 1013 2018 1066 Miserere

105 1089 138 1111 “
160 1084 282 1146 mei,
319 1090 372 1133 et
412 1100 585 1149 parce,
628 1083 823 1134 Sancte
851 1083 1164 1146 Cuthberte,
1207 1084 1299 1134 sed
1340 1084 1593 1150 quoniam
1633 1102 1741 1135 non
1770 1085 1847 1135 vis
1889 1087 2015 1148 5010,

106 1156 283 1222 “quia
322 1155 436 1205 haec
479 1160 532 1205 et
575 1154 688 1205 haec
736 1155 1051 1221 (nominavit
1094 1155 1236 1206 enim
1282 1173 1343 1206 ea
1387 1174 1505 1222 quae
1548 1156 1763 1222 tulerat)
1807 1158 1863 1207 in
1902 1176 2015 1208 mo-

104 1231 137 1254 “
158 1227 393 1277 nasterio
426 1232 521 1276 tuo
560 1226 728 1276 furari
766 1227 1134 1294 praesumpsi.”
1210 1227 1360 1278 Talia
1393 1228 1449 1277 in
1484 1229 1806 1279 monasterio
1833 1230 1937 1280 huc
1963 1238 2016 1281 et

101 1300 229 1349 illuc
256 1298 600 1349 discurrendo
632 1305 791 1365 atque
815 1298 1132 1349 insaniendo
1159 1298 1286 1349 dum
1315 1299 1427 1350 sine
1453 1299 1847 1351 intermissione
1874 1302 2014 1353 voci-

100 1371 312 1432 feraret,
353 1370 552 1420 invitus
586 1369 711 1420 inde
751 1369 816 1420 ad
856 1369 1149 1437 hospitium
1185 1371 1482 1434 abducitur,
1522 1371 1753 1438 lorisque
1787 1373 2016 1424 fortibus

102 1442 505 1508 constringitur,
541 1442 793 1508 quoniam
833 1442 1085 1509 quicquid
1119 1459 1209 1493 ore
1235 1443 1318 1494 vel
1352 1443 1598 1493 manibus
1625 1444 2016 1523 apprehendere

100 1521 250 1582 potei
255 1520 308 1564 at
344 1513 489 1564 velut
534 1513 679 1563 canis
724 1513 1063 1564 dilacerabat.
1161 1514 1270 1566 Qui
1316 1532 1438 1565 cum
1481 1522 1589 1565 tres
1635 1516 1742 1566 sive
1787 1523 2016 1596 quatuor

100 1592 283 1637 noctes
309 1586 365 1635 in
391 1585 488 1635 tali
513 1590 782 1635 tormento
809 1603 971 1651 agens
998 1584 1062 1635 ab
1089 1585 1257 1636 hora
1243 1604 1301 1635 in
1327 1586 1514 1636 horam
1542 1587 1712 1653 magis
1738 1588 2013 1667 magisque

97 1658 373 1719 insaniret,
412 1656 629 1706 tandem
669 1656 897 1722 qualiter
926 1657 1105 1707 1105010
1140 1675 1170 1707 0
1201 1657 1425 1707 vinculis
1462 1675 1760 1725 erumpens,
1796 1659 1852 1709 in
1897 1678 2010 1710 mo-

99 1730 393 1780 nasterium
417 1727 570 1778 furiis
597 1728 827 1793 agitatus
855 1728 1106 1779 cucurrit.
1185 1729 1401 1779 Corruit
1436 1747 1646 1796 quoque
1682 1748 1804 1780 mox
1835 1750 2013 1782 coram

100 1801 280 1852 dilecti
305 1801 421 1851 Deo
449 1799 778 1850 Confessoris
806 1799 1009 1862 tumba,
1046 1806 1099 1851 et
1128 1800 1257 1851 dum
1284 1801 1474 1851 chorus
1503 1802 1575 1851 Te
1603 1802 1779 1852 Deum
1808 1803 2015 1854 Lauda-

97 1891 217 1923 mus
253 1874 394 1939 (nam
421 1877 697 1922 nocturnae
724 1872 933 1922 Laudes
961 1871 1177 1923 interim
1211 1872 1525 1940 agebantur)
1561 1882 1885 1940 personaret,
1908 1876 2015 1939 ille,

98 1944 355 1996 ululando
383 1950 437 1994 et
463 1943 792 1994 horribiliter
833 1944 1129 2006 clamando,
1173 1945 1357 1995 eadem
1393 1963 1509 2012 quae
1547 1964 1706 2012 supra
1741 1947 2017 2013 posuimus

99 2018 406 2084 frequenter
448 2015 692 2077 iteravit,
751 2015 834 2065 his
886 2033 1094 2083 quoque
1140 2016 1244 2067 alia
1294 2017 1536 2083 quaedam
1584 2019 2015 2086 superadjiciens.

96 2090 242 2140 Nam
270 2106 391 2139 cum
419 2087 673 2138 clamaret
700 2092 734 2114 “
751 2087 1010 2139 Miserere
1037 2088 1158 2151 mei,
1195 2089 1392 2139 Sancte
1419 2088 1774 2152 Cuthberte,''
1803 2091 2016 2158 adjecit,

100 2160 242 2212 “sed
278 2160 402 2227 quia
436 2177 544 2210 non
570 2159 648 2209 vis
687 2159 795 2209 scio
833 2166 1117 2226 postquam
1152 2167 1246 2210 tuo
1282 2159 1473 2211 baculo
1512 2178 1597 2211 me
1635 2169 1745 2211 tam
1786 2164 2019 2228 graviter

100 2237 132 2261 “
153 2232 467 2299 impulisti.’'
546 2230 837 2281 Fatebatur
863 2231 1006 2282 enim
1032 2231 1176 2282 hunc
1212 2232 1608 2282 sanctissimum
1645 2233 2016 2285 Confessorem

98 2310 362 2355 nocturna
386 2302 588 2353 visione
616 2303 681 2352 ad
708 2321 761 2353 se
788 2303 1009 2365 venisse,
1048 2321 1349 2370 magnaque
1384 2304 1754 2370 indignatione
1780 2311 1886 2356 tres
1915 2307 2016 2358 sibi

97 2393 281 2443 graves
324 2374 577 2424 inflixisse
616 2374 772 2436 ictus,
826 2392 1052 2441 quorum
1097 2375 1277 2426 dolore
1323 2375 1390 2425 ad
1440 2393 1530 2426 cor
1580 2394 1735 2426 suum
1773 2377 1888 2444 jam
1931 2379 2013 2428 in-

97 2448 389 2514 grediente,
419 2446 484 2496 ad
510 2451 739 2496 mortem
764 2452 1118 2513 torqueretur.
1187 2447 1320 2497 Haec
1341 2453 1501 2514 atque
1527 2447 1836 2515 hujusmodi
1861 2450 2016 2516 plura

97 2520 225 2570 dum
251 2517 459 2569 vesanis
495 2517 729 2567 motibus
766 2523 924 2585 atque
966 2518 1285 2569 clamoribus
1323 2520 1703 2586 frequentaret,
1745 2520 1802 2570 in
1829 2522 2014 2573 eodem

94 2593 211 2642 loco
261 2608 385 2640 mox
434 2595 549 2639 toto
601 2606 819 2656 corpore
871 2590 1225 2653 contrahitur,
1290 2591 1589 2658 miseraque
1639 2591 1782 2642 illius
1836 2594 2013 2645 anima

95 2662 417 2715 aeternaliter
443 2678 625 2711 arsura
649 2660 773 2712 inde
800 2660 1142 2712 abstrahitur.

963 2874 1128 2924 VIII.

99 2982 357 3039 Quomodo
385 2999 543 3048 equus
570 2982 858 3048 cujusdam,
882 2982 1001 3031 dum
1029 2999 1093 3032 eoe
1107 2980 1357 3048 fruyz‘bus
1384 2983 1610 3033 ecclesiae
1640 2983 1823 3033 Sancti
1856 2984 2011 3034 Culle-

567 3054 700 3105 bertz’
728 3054 1032 3116 comederet,
1060 3054 1229 3104 subito
1256 3054 1534 3104 interierit.

161 3173 436 3224 Mirabilia
474 3173 576 3224 Dei
611 3191 769 3240 opera
808 3180 1053 3224 scrutans
1079 3173 1136 3223 in
1162 3173 1390 3224 Psalmis
1417 3173 1701 3240 Propheta,
1737 3173 1863 3225 licet
1890 3175 2005 3225 ubi-

92 3262 193 3310 que
214 3252 576 3295 creaturarum
596 3245 903 3296 mirandum
923 3245 1178 3307 inveniat,
1207 3263 1313 3312 prae
1341 3245 1544 3295 caeteris
1571 3252 1751 3295 tamen
1779 3246 2008 3312 quadam

92 3316 376 3366 ineffabilis
402 3317 728 3368 excellentiae
753 3317 1121 3384 praerogativa,
1160 3317 1462 3367 mirabilem
1491 3318 1666 3368 Deum
1693 3317 1751 3366 in
1781 3318 2009 3367 Sanctist

91 3387 358 3453 praedicat.
441 3387 689 3450 Proinde,
724 3394 786 3438 ut
822 3389 1036 3439 laudem
1076 3389 1296 3439 Domini
1334 3389 1584 3455 loquatur
1615 3389 1689 3439 Os
1720 3395 2008 3449 nostrum,²⁴

94 3458 220 3524 quid
258 3476 436 3525 quaeso
474 3458 523 3509 ei
560 3459 774 3525 dignius
816 3478 976 3526 quam
1014 3460 1280 3510 mirabilia
1317 3460 1449 3526 Ejus
1485 3460 1751 3521 dicantur,
1794 3477 1910 3526 quae
1949 3460 2004 3508 in

96 3530 306 3580 Sanctis
326 3529 465 3592 Suis,
487 3547 574 3580 eos
598 3530 902 3593 mirificans,
921 3532 1045 3598 Ipse
1062 3531 1318 3582 mirabilis
1336 3538 1599 3598 operatur.
1653 3531 1818 3581 Plane
1840 3549 2006 3596 quan-

422 3674 432 3696 *
461 3671 602 3711 Psalm
621 3671 735 3712 lxvii.
758 3675 822 3712 36.
1268 3680 1284 3696 '¹
1316 3672 1454 3712 Psalm
1477 3672 1600 3713 cxliv.
1620 3674 1685 3711 21.
