<?xml version="1.0" encoding="UTF-8"?>
<!DOCTYPE html PUBLIC "-//W3C//DTD XHTML 1.0 Transitional//EN"
    "http://www.w3.org/TR/xhtml1/DTD/xhtml1-transitional.dtd">
<html xmlns="http://www.w3.org/1999/xhtml" xml:lang="en" lang="en">
 <head>
  <title>
</title>
<meta http-equiv="Content-Type" content="text/html;charset=utf-8" />
  <meta name='ocr-system' content='tesseract 3.04.00' />
  <meta name='ocr-capabilities' content='ocr_page ocr_carea ocr_par ocr_line ocrx_word'/>
</head>
<body>
  <div class='ocr_page' id='page_1' title='image "./operacollect00simerich_0246.png"; bbox 0 0 2384 4126; ppageno 0'>
   <div class='ocr_carea' id='block_1_1' title="bbox 303 374 1634 427">
    <p class='ocr_par' dir='ltr' id='par_1_1' title="bbox 303 374 1634 427">
     <span class='ocr_line' id='line_1_1' title="bbox 303 374 1634 427; baseline 0.001 -3"><span class='ocrx_word' id='word_1_1' title='bbox 303 374 406 424; x_wconf 89' lang='grc'>156</span> <span class='ocrx_word' id='word_1_2' title='bbox 900 393 970 426; x_wconf 84' lang='lat' dir='ltr'>DE</span> <span class='ocrx_word' id='word_1_3' title='bbox 1012 392 1335 427; x_wconf 71' lang='lat' dir='ltr'>osssnssmNE</span> <span class='ocrx_word' id='word_1_4' title='bbox 1378 392 1634 426; x_wconf 81' lang='lat' dir='ltr'>DUNELMI</span> 
     </span>
    </p>
   </div>
   <div class='ocr_carea' id='block_1_2' title="bbox 301 518 2242 3758">
    <p class='ocr_par' dir='ltr' id='par_1_2' title="bbox 301 518 2242 3758">
     <span class='ocr_line' id='line_1_2' title="bbox 301 518 2233 588; baseline 0.001 -21"><span class='ocrx_word' id='word_1_5' title='bbox 301 534 529 585; x_wconf 85' lang='lat' dir='ltr'>regnum</span> <span class='ocrx_word' id='word_1_6' title='bbox 557 537 714 570; x_wconf 91' lang='lat' dir='ltr'>suum</span> <span class='ocrx_word' id='word_1_7' title='bbox 740 518 917 583; x_wconf 90' lang='lat' dir='ltr'>rediit,</span> <span class='ocrx_word' id='word_1_8' title='bbox 947 520 1197 588; x_wconf 89' lang='lat' dir='ltr'>copulata</span> <span class='ocrx_word' id='word_1_9' title='bbox 1232 519 1335 571; x_wconf 83' lang='lat' dir='ltr'>sibi</span> <span class='ocrx_word' id='word_1_10' title='bbox 1360 519 1417 570; x_wconf 90' lang='lat' dir='ltr'>in</span> <span class='ocrx_word' id='word_1_11' title='bbox 1445 520 1757 588; x_wconf 83' lang='lat' dir='ltr'>conjugium</span> <span class='ocrx_word' id='word_1_12' title='bbox 1792 520 1987 571; x_wconf 89' lang='lat' dir='ltr'>Emma</span> <span class='ocrx_word' id='word_1_13' title='bbox 2014 519 2233 570; x_wconf 87' lang='lat' dir='ltr'>Ricardi</span> 
     </span>
     <span class='ocr_line' id='line_1_3' title="bbox 302 590 2236 659; baseline 0.001 -19"><span class='ocrx_word' id='word_1_14' title='bbox 302 590 514 641; x_wconf 89' lang='lat' dir='ltr'>comitis</span> <span class='ocrx_word' id='word_1_15' title='bbox 541 591 986 642; x_wconf 90' lang='lat' dir='ltr'>Normannorum</span> <span class='ocrx_word' id='word_1_16' title='bbox 1013 592 1140 643; x_wconf 90' lang='lat' dir='ltr'>filia.</span> <span class='ocrx_word' id='word_1_17' title='bbox 1217 592 1348 643; x_wconf 91' lang='lat' dir='ltr'>Post</span> <span class='ocrx_word' id='word_1_18' title='bbox 1382 592 1777 659; x_wconf 88' lang='lat' dir='ltr'>aliquantulum</span> <span class='ocrx_word' id='word_1_19' title='bbox 1804 592 2062 659; x_wconf 90' lang='lat' dir='ltr'>temporis</span> <span class='ocrx_word' id='word_1_20' title='bbox 2090 591 2236 642; x_wconf 90' lang='lat' dir='ltr'>Cnut</span> 
     </span>
     <span class='ocr_line' id='line_1_4' title="bbox 301 662 2236 731; baseline 0.001 -19"><span class='ocrx_word' id='word_1_21' title='bbox 301 662 444 713; x_wconf 92' lang='lat' dir='ltr'>filius</span> <span class='ocrx_word' id='word_1_22' title='bbox 471 663 764 730; x_wconf 82' lang='lat' dir='ltr'>supradicti</span> <span class='ocrx_word' id='word_1_23' title='bbox 790 664 930 731; x_wconf 84' lang='lat' dir='ltr'>regis</span> <span class='ocrx_word' id='word_1_24' title='bbox 956 664 1238 715; x_wconf 87' lang='lat' dir='ltr'>Danorum</span> <span class='ocrx_word' id='word_1_25' title='bbox 1268 664 1462 726; x_wconf 87' lang='lat' dir='ltr'>Swein,</span> <span class='ocrx_word' id='word_1_26' title='bbox 1501 682 1622 716; x_wconf 91' lang='lat' dir='ltr'>cum</span> <span class='ocrx_word' id='word_1_27' title='bbox 1649 664 1862 715; x_wconf 89' lang='lat' dir='ltr'>infinita</span> <span class='ocrx_word' id='word_1_28' title='bbox 1886 664 2236 715; x_wconf 90' lang='lat' dir='ltr'>multitudine</span> 
     </span>
     <span class='ocr_line' id='line_1_5' title="bbox 301 735 2235 803; baseline 0.001 -19"><span class='ocrx_word' id='word_1_29' title='bbox 301 735 521 785; x_wconf 89' lang='lat' dir='ltr'>veniens</span> <span class='ocrx_word' id='word_1_30' title='bbox 546 735 605 785; x_wconf 92' lang='lat' dir='ltr'>in</span> <span class='ocrx_word' id='word_1_31' title='bbox 630 735 888 802; x_wconf 84' lang='lat' dir='ltr'>Angliam</span> <span class='ocrx_word' id='word_1_32' title='bbox 914 742 1258 803; x_wconf 85' lang='lat' dir='ltr'>regnaturus,</span> <span class='ocrx_word' id='word_1_33' title='bbox 1301 736 1368 787; x_wconf 92' lang='lat' dir='ltr'>ad</span> <span class='ocrx_word' id='word_1_34' title='bbox 1396 737 1762 803; x_wconf 89' lang='lat' dir='ltr'>supradictum</span> <span class='ocrx_word' id='word_1_35' title='bbox 1792 737 2059 788; x_wconf 79' lang='lat' dir='ltr'><strong>Comitem</strong></span> <span class='ocrx_word' id='word_1_36' title='bbox 2086 736 2235 786; x_wconf 88' lang='lat' dir='ltr'>misit</span> 
     </span>
     <span class='ocr_line' id='line_1_6' title="bbox 302 806 2235 876; baseline 0.001 -20"><span class='ocrx_word' id='word_1_37' title='bbox 302 806 658 871; x_wconf 90' lang='lat' dir='ltr'>Vcthredum,</span> <span class='ocrx_word' id='word_1_38' title='bbox 687 825 900 875; x_wconf 84' lang='lat' dir='ltr'>rogans,</span> <span class='ocrx_word' id='word_1_39' title='bbox 936 815 998 859; x_wconf 91' lang='lat' dir='ltr'>ut</span> <span class='ocrx_word' id='word_1_40' title='bbox 1034 808 1100 860; x_wconf 89' lang='lat' dir='ltr'>ad</span> <span class='ocrx_word' id='word_1_41' title='bbox 1132 827 1290 859; x_wconf 90' lang='lat' dir='ltr'>suum</span> <span class='ocrx_word' id='word_1_42' title='bbox 1317 808 1576 859; x_wconf 87' lang='lat' dir='ltr'>auxilium</span> <span class='ocrx_word' id='word_1_43' title='bbox 1604 814 1790 860; x_wconf 89' lang='lat' dir='ltr'>contra</span> <span class='ocrx_word' id='word_1_44' title='bbox 1814 826 1994 876; x_wconf 84' lang='lat' dir='ltr'>regem</span> <span class='ocrx_word' id='word_1_45' title='bbox 2022 808 2235 859; x_wconf 88' lang='lat' dir='ltr'>AEthel-</span> 
     </span>
     <span class='ocr_line' id='line_1_7' title="bbox 301 878 2235 948; baseline 0.001 -19"><span class='ocrx_word' id='word_1_46' title='bbox 301 878 490 929; x_wconf 92' lang='lat' dir='ltr'>redum</span> <span class='ocrx_word' id='word_1_47' title='bbox 509 897 633 930; x_wconf 91' lang='lat' dir='ltr'>cum</span> <span class='ocrx_word' id='word_1_48' title='bbox 660 880 910 931; x_wconf 92' lang='lat' dir='ltr'>omnibus</span> <span class='ocrx_word' id='word_1_49' title='bbox 938 898 1069 947; x_wconf 91' lang='lat' dir='ltr'>quos</span> <span class='ocrx_word' id='word_1_50' title='bbox 1095 888 1275 948; x_wconf 89' lang='lat' dir='ltr'>posset</span> <span class='ocrx_word' id='word_1_51' title='bbox 1302 880 1403 932; x_wconf 92' lang='lat' dir='ltr'>sibi</span> <span class='ocrx_word' id='word_1_52' title='bbox 1424 887 1744 944; x_wconf 88' lang='lat' dir='ltr'>occurreret,</span> <span class='ocrx_word' id='word_1_53' title='bbox 1772 886 1949 932; x_wconf 90' lang='lat' dir='ltr'>totum</span> <span class='ocrx_word' id='word_1_54' title='bbox 1974 881 2235 931; x_wconf 79' lang='lat' dir='ltr'>honorem</span> 
     </span>
     <span class='ocr_line' id='line_1_8' title="bbox 303 952 2231 1020; baseline 0.001 -19"><span class='ocrx_word' id='word_1_55' title='bbox 303 969 460 1001; x_wconf 91' lang='lat' dir='ltr'>suum</span> <span class='ocrx_word' id='word_1_56' title='bbox 487 957 540 1002; x_wconf 88' lang='lat' dir='ltr'>et</span> <span class='ocrx_word' id='word_1_57' title='bbox 567 952 739 1002; x_wconf 90' lang='lat' dir='ltr'>multo</span> <span class='ocrx_word' id='word_1_58' title='bbox 774 952 1035 1019; x_wconf 81' lang='lat' dir='ltr'>majorem</span> <span class='ocrx_word' id='word_1_59' title='bbox 1077 953 1175 1004; x_wconf 93' lang='lat' dir='ltr'>sub</span> <span class='ocrx_word' id='word_1_60' title='bbox 1215 953 1331 1020; x_wconf 92' lang='lat' dir='ltr'>ipso</span> <span class='ocrx_word' id='word_1_61' title='bbox 1369 953 1653 1003; x_wconf 88' lang='lat' dir='ltr'>habiturus</span> <span class='ocrx_word' id='word_1_62' title='bbox 1689 953 1734 1003; x_wconf 91' lang='lat' dir='ltr'>si</span> <span class='ocrx_word' id='word_1_63' title='bbox 1769 971 1893 1004; x_wconf 92' lang='lat' dir='ltr'>eum</span> <span class='ocrx_word' id='word_1_64' title='bbox 1938 952 2231 1020; x_wconf 86' lang='lat' dir='ltr'>adjuvaret.</span> 
     </span>
     <span class='ocr_line' id='line_1_9' title="bbox 304 1023 2235 1092; baseline 0.001 -19"><span class='ocrx_word' id='word_1_65' title='bbox 304 1023 438 1073; x_wconf 86' lang='lat' dir='ltr'>Erat</span> <span class='ocrx_word' id='word_1_66' title='bbox 484 1023 629 1074; x_wconf 90' lang='lat' dir='ltr'>enim</span> <span class='ocrx_word' id='word_1_67' title='bbox 672 1023 816 1074; x_wconf 91' lang='lat' dir='ltr'>idem</span> <span class='ocrx_word' id='word_1_68' title='bbox 862 1024 1056 1075; x_wconf 89' lang='lat' dir='ltr'>Comes</span> <span class='ocrx_word' id='word_1_69' title='bbox 1101 1043 1313 1092; x_wconf 78' lang='lat' dir='ltr'>magnae</span> <span class='ocrx_word' id='word_1_70' title='bbox 1357 1024 1632 1091; x_wconf 74' lang='lat' dir='ltr'>potentiae,</span> <span class='ocrx_word' id='word_1_71' title='bbox 1677 1030 1865 1092; x_wconf 77' lang='lat' dir='ltr'>utpote</span> <span class='ocrx_word' id='word_1_72' title='bbox 1917 1024 2235 1075; x_wconf 91' lang='lat' dir='ltr'>comitatum</span> 
     </span>
     <span class='ocr_line' id='line_1_10' title="bbox 304 1094 2238 1164; baseline 0 -19"><span class='ocrx_word' id='word_1_73' title='bbox 304 1094 726 1146; x_wconf 85' lang='lat' dir='ltr'>Eboracensium</span> <span class='ocrx_word' id='word_1_74' title='bbox 772 1101 826 1146; x_wconf 93' lang='lat' dir='ltr'>et</span> <span class='ocrx_word' id='word_1_75' title='bbox 859 1095 1471 1164; x_wconf 87' lang='lat' dir='ltr'>Northanhymbrorum</span> <span class='ocrx_word' id='word_1_76' title='bbox 1504 1096 1726 1147; x_wconf 88' lang='lat' dir='ltr'>habens.</span> <span class='ocrx_word' id='word_1_77' title='bbox 1818 1097 1893 1147; x_wconf 89' lang='lat' dir='ltr'>At</span> <span class='ocrx_word' id='word_1_78' title='bbox 1937 1097 2047 1159; x_wconf 90' lang='lat' dir='ltr'>ille,</span> <span class='ocrx_word' id='word_1_79' title='bbox 2086 1096 2238 1146; x_wconf 93' lang='lat' dir='ltr'>nullo</span> 
     </span>
     <span class='ocr_line' id='line_1_11' title="bbox 304 1167 2239 1235; baseline 0.001 -18"><span class='ocrx_word' id='word_1_80' title='bbox 304 1167 465 1217; x_wconf 90' lang='lat' dir='ltr'>modo</span> <span class='ocrx_word' id='word_1_81' title='bbox 508 1167 564 1218; x_wconf 89' lang='lat' dir='ltr'>id</span> <span class='ocrx_word' id='word_1_82' title='bbox 607 1167 782 1218; x_wconf 87' lang='lat' dir='ltr'>facere</span> <span class='ocrx_word' id='word_1_83' title='bbox 822 1167 1024 1230; x_wconf 91' lang='lat' dir='ltr'>volens,</span> <span class='ocrx_word' id='word_1_84' title='bbox 1064 1168 1356 1235; x_wconf 89' lang='lat' dir='ltr'>respondit,</span> <span class='ocrx_word' id='word_1_85' title='bbox 1397 1168 1614 1234; x_wconf 80' lang='lat' dir='ltr'><strong>pessimi</strong></span> <span class='ocrx_word' id='word_1_86' title='bbox 1664 1168 1899 1219; x_wconf 90' lang='lat' dir='ltr'>hominis</span> <span class='ocrx_word' id='word_1_87' title='bbox 1951 1187 2064 1219; x_wconf 89' lang='lat' dir='ltr'>esse</span> <span class='ocrx_word' id='word_1_88' title='bbox 2108 1168 2239 1218; x_wconf 84' lang='lat' dir='ltr'>talia</span> 
     </span>
     <span class='ocr_line' id='line_1_12' title="bbox 307 1238 2237 1307; baseline 0.002 -19"><span class='ocrx_word' id='word_1_89' title='bbox 307 1244 494 1289; x_wconf 91' lang='lat' dir='ltr'>contra</span> <span class='ocrx_word' id='word_1_90' title='bbox 544 1238 825 1289; x_wconf 90' lang='lat' dir='ltr'>dominum</span> <span class='ocrx_word' id='word_1_91' title='bbox 882 1245 935 1290; x_wconf 91' lang='lat' dir='ltr'>et</span> <span class='ocrx_word' id='word_1_92' title='bbox 996 1258 1255 1307; x_wconf 80' lang='lat' dir='ltr'>generum</span> <span class='ocrx_word' id='word_1_93' title='bbox 1322 1258 1480 1290; x_wconf 90' lang='lat' dir='ltr'>suum</span> <span class='ocrx_word' id='word_1_94' title='bbox 1538 1240 1729 1291; x_wconf 86' lang='lat' dir='ltr'>facere.</span> <span class='ocrx_word' id='word_1_95' title='bbox 1834 1240 2109 1291; x_wconf 80' lang='lat' dir='ltr'>“Nullius</span> <span class='ocrx_word' id='word_1_96' title='bbox 2159 1240 2237 1291; x_wconf 89' lang='lat' dir='ltr'>rei</span> 
     </span>
     <span class='ocr_line' id='line_1_13' title="bbox 306 1310 2238 1381; baseline 0.002 -21"><span class='ocrx_word' id='word_1_97' title='bbox 306 1316 340 1338; x_wconf 81' lang='lat'><strong>“</strong></span> <span class='ocrx_word' id='word_1_98' title='bbox 365 1310 594 1377; x_wconf 82' lang='lat' dir='ltr'>gratia,”</span> <span class='ocrx_word' id='word_1_99' title='bbox 622 1310 818 1377; x_wconf 89' lang='lat' dir='ltr'>inquit,</span> <span class='ocrx_word' id='word_1_100' title='bbox 848 1315 881 1338; x_wconf 84' lang='lat'><em>“</em></span> <span class='ocrx_word' id='word_1_101' title='bbox 902 1311 1005 1362; x_wconf 93' lang='lat' dir='ltr'>hoc</span> <span class='ocrx_word' id='word_1_102' title='bbox 1042 1329 1198 1379; x_wconf 82' lang='lat' dir='ltr'>agere</span> <span class='ocrx_word' id='word_1_103' title='bbox 1223 1311 1361 1374; x_wconf 91' lang='lat' dir='ltr'>volo,</span> <span class='ocrx_word' id='word_1_104' title='bbox 1400 1312 1525 1381; x_wconf 90' lang='lat' dir='ltr'>quia</span> <span class='ocrx_word' id='word_1_105' title='bbox 1549 1329 1649 1363; x_wconf 91' lang='lat' dir='ltr'>nec</span> <span class='ocrx_word' id='word_1_106' title='bbox 1681 1311 1847 1363; x_wconf 92' lang='lat' dir='ltr'>debeo</span> <span class='ocrx_word' id='word_1_107' title='bbox 1863 1333 1878 1374; x_wconf 83' lang='lat'>,-</span> <span class='ocrx_word' id='word_1_108' title='bbox 1921 1312 2238 1363; x_wconf 88' lang='lat' dir='ltr'>AEthelredo</span> 
     </span>
     <span class='ocr_line' id='line_1_14' title="bbox 306 1382 2237 1450; baseline 0.001 -17"><span class='ocrx_word' id='word_1_109' title='bbox 306 1386 339 1409; x_wconf 90' lang='lat'><em>“</em></span> <span class='ocrx_word' id='word_1_110' title='bbox 360 1383 475 1450; x_wconf 84' lang='lat' dir='ltr'>regi</span> <span class='ocrx_word' id='word_1_111' title='bbox 502 1383 759 1450; x_wconf 85' lang='lat' dir='ltr'>quamdiu</span> <span class='ocrx_word' id='word_1_112' title='bbox 784 1382 976 1434; x_wconf 86' lang='lat' dir='ltr'>vixerit</span> <span class='ocrx_word' id='word_1_113' title='bbox 1001 1384 1161 1435; x_wconf 89' lang='lat' dir='ltr'>fidem</span> <span class='ocrx_word' id='word_1_114' title='bbox 1191 1384 1426 1435; x_wconf 80' lang='lat' dir='ltr'>servabo,</span> <span class='ocrx_word' id='word_1_115' title='bbox 1504 1385 1604 1435; x_wconf 89' lang='lat' dir='ltr'>Est</span> <span class='ocrx_word' id='word_1_116' title='bbox 1631 1384 1775 1435; x_wconf 89' lang='lat' dir='ltr'>enim</span> <span class='ocrx_word' id='word_1_117' title='bbox 1809 1384 2058 1435; x_wconf 88' lang='lat' dir='ltr'>dominus</span> <span class='ocrx_word' id='word_1_118' title='bbox 2085 1402 2237 1436; x_wconf 90' lang='lat' dir='ltr'>meus</span> 
     </span>
     <span class='ocr_line' id='line_1_15' title="bbox 307 1455 2235 1523; baseline 0.001 -18"><span class='ocrx_word' id='word_1_119' title='bbox 307 1458 342 1482; x_wconf 87' lang='lat'><em>“</em></span> <span class='ocrx_word' id='word_1_120' title='bbox 365 1461 418 1506; x_wconf 92' lang='lat' dir='ltr'>et</span> <span class='ocrx_word' id='word_1_121' title='bbox 458 1473 624 1519; x_wconf 91' lang='lat' dir='ltr'>socer,</span> <span class='ocrx_word' id='word_1_122' title='bbox 665 1456 821 1523; x_wconf 86' lang='lat' dir='ltr'>cujus</span> <span class='ocrx_word' id='word_1_123' title='bbox 856 1455 998 1507; x_wconf 90' lang='lat' dir='ltr'>dono</span> <span class='ocrx_word' id='word_1_124' title='bbox 1040 1456 1255 1507; x_wconf 88' lang='lat' dir='ltr'>divitias</span> <span class='ocrx_word' id='word_1_125' title='bbox 1291 1462 1345 1508; x_wconf 92' lang='lat' dir='ltr'>et</span> <span class='ocrx_word' id='word_1_126' title='bbox 1380 1456 1609 1508; x_wconf 85' lang='lat' dir='ltr'>honores</span> <span class='ocrx_word' id='word_1_127' title='bbox 1651 1456 1779 1507; x_wconf 90' lang='lat' dir='ltr'>satis</span> <span class='ocrx_word' id='word_1_128' title='bbox 1812 1456 2001 1507; x_wconf 87' lang='lat' dir='ltr'>habeO.</span> <span class='ocrx_word' id='word_1_129' title='bbox 2081 1456 2235 1507; x_wconf 90' lang='lat' dir='ltr'>Illius</span> 
     </span>
     <span class='ocr_line' id='line_1_16' title="bbox 306 1527 2235 1596; baseline 0.002 -19"><span class='ocrx_word' id='word_1_130' title='bbox 306 1527 592 1578; x_wconf 83' lang='lat' dir='ltr'>“traditor</span> <span class='ocrx_word' id='word_1_131' title='bbox 634 1545 914 1595; x_wconf 89' lang='lat' dir='ltr'>nunquam</span> <span class='ocrx_word' id='word_1_132' title='bbox 960 1529 1106 1579; x_wconf 81' lang='lat' dir='ltr'>er0.’&#39;</span> <span class='ocrx_word' id='word_1_133' title='bbox 1185 1529 1379 1596; x_wconf 88' lang='lat' dir='ltr'>Itaque</span> <span class='ocrx_word' id='word_1_134' title='bbox 1421 1529 1568 1580; x_wconf 86' lang='lat' dir='ltr'>Cnut</span> <span class='ocrx_word' id='word_1_135' title='bbox 1604 1528 1816 1579; x_wconf 89' lang='lat' dir='ltr'>nullum</span> <span class='ocrx_word' id='word_1_136' title='bbox 1857 1529 1924 1580; x_wconf 88' lang='lat' dir='ltr'>de</span> <span class='ocrx_word' id='word_1_137' title='bbox 1957 1528 2235 1580; x_wconf 88' lang='lat' dir='ltr'>Vcthredo</span> 
     </span>
     <span class='ocr_line' id='line_1_17' title="bbox 306 1599 2238 1668; baseline 0.001 -19"><span class='ocrx_word' id='word_1_138' title='bbox 306 1599 566 1650; x_wconf 89' lang='lat' dir='ltr'>auxilium</span> <span class='ocrx_word' id='word_1_139' title='bbox 592 1600 799 1651; x_wconf 84' lang='lat' dir='ltr'>habuit.</span> <span class='ocrx_word' id='word_1_140' title='bbox 879 1601 1151 1652; x_wconf 85' lang='lat' dir='ltr'>Defuncto</span> <span class='ocrx_word' id='word_1_141' title='bbox 1179 1607 1359 1652; x_wconf 91' lang='lat' dir='ltr'>autem</span> <span class='ocrx_word' id='word_1_142' title='bbox 1393 1619 1519 1668; x_wconf 82' lang='lat' dir='ltr'>rege</span> <span class='ocrx_word' id='word_1_143' title='bbox 1546 1601 1881 1664; x_wconf 87' lang='lat' dir='ltr'>AEthelredo,</span> <span class='ocrx_word' id='word_1_144' title='bbox 1922 1618 2045 1652; x_wconf 92' lang='lat' dir='ltr'>cum</span> <span class='ocrx_word' id='word_1_145' title='bbox 2070 1601 2238 1652; x_wconf 90' lang='lat' dir='ltr'>totius</span> 
     </span>
     <span class='ocr_line' id='line_1_18' title="bbox 305 1672 2235 1741; baseline 0.001 -20"><span class='ocrx_word' id='word_1_146' title='bbox 305 1672 519 1739; x_wconf 84' lang='lat' dir='ltr'>Angliae</span> <span class='ocrx_word' id='word_1_147' title='bbox 544 1690 773 1739; x_wconf 84' lang='lat' dir='ltr'>regnum</span> <span class='ocrx_word' id='word_1_148' title='bbox 802 1674 948 1724; x_wconf 88' lang='lat' dir='ltr'>Cnut</span> <span class='ocrx_word' id='word_1_149' title='bbox 976 1673 1303 1740; x_wconf 83' lang='lat' dir='ltr'>arripuisset,</span> <span class='ocrx_word' id='word_1_150' title='bbox 1333 1673 1399 1724; x_wconf 86' lang='lat' dir='ltr'>ad</span> <span class='ocrx_word' id='word_1_151' title='bbox 1431 1673 1747 1741; x_wconf 78' lang='lat' dir='ltr'>praedictum</span> <span class='ocrx_word' id='word_1_152' title='bbox 1776 1673 2045 1724; x_wconf 88' lang='lat' dir='ltr'>Comitem</span> <span class='ocrx_word' id='word_1_153' title='bbox 2071 1673 2235 1736; x_wconf 85' lang='lat' dir='ltr'>misit,</span> 
     </span>
     <span class='ocr_line' id='line_1_19' title="bbox 306 1744 2233 1811; baseline 0.001 -17"><span class='ocrx_word' id='word_1_154' title='bbox 306 1744 620 1811; x_wconf 87' lang='lat' dir='ltr'>praecipiens</span> <span class='ocrx_word' id='word_1_155' title='bbox 661 1751 722 1794; x_wconf 89' lang='lat' dir='ltr'>ut</span> <span class='ocrx_word' id='word_1_156' title='bbox 768 1745 834 1795; x_wconf 90' lang='lat' dir='ltr'>ad</span> <span class='ocrx_word' id='word_1_157' title='bbox 881 1763 936 1795; x_wconf 91' lang='lat' dir='ltr'>se</span> <span class='ocrx_word' id='word_1_158' title='bbox 979 1745 1117 1795; x_wconf 90' lang='lat' dir='ltr'>sicut</span> <span class='ocrx_word' id='word_1_159' title='bbox 1164 1746 1230 1796; x_wconf 91' lang='lat' dir='ltr'>ad</span> <span class='ocrx_word' id='word_1_160' title='bbox 1275 1745 1555 1796; x_wconf 88' lang='lat' dir='ltr'>dominum</span> <span class='ocrx_word' id='word_1_161' title='bbox 1601 1764 1757 1796; x_wconf 92' lang='lat' dir='ltr'>suum</span> <span class='ocrx_word' id='word_1_162' title='bbox 1803 1745 2024 1796; x_wconf 90' lang='lat' dir='ltr'>veniret.</span> <span class='ocrx_word' id='word_1_163' title='bbox 2115 1745 2233 1808; x_wconf 90' lang='lat' dir='ltr'>Ille,</span> 
     </span>
     <span class='ocr_line' id='line_1_20' title="bbox 307 1817 2235 1884; baseline 0.001 -18"><span class='ocrx_word' id='word_1_164' title='bbox 307 1823 524 1883; x_wconf 88' lang='lat' dir='ltr'>accepta</span> <span class='ocrx_word' id='word_1_165' title='bbox 550 1817 836 1868; x_wconf 83' lang='lat' dir='ltr'>securitate</span> <span class='ocrx_word' id='word_1_166' title='bbox 864 1818 1025 1868; x_wconf 88' lang='lat' dir='ltr'>eundi</span> <span class='ocrx_word' id='word_1_167' title='bbox 1053 1823 1106 1868; x_wconf 91' lang='lat' dir='ltr'>et</span> <span class='ocrx_word' id='word_1_168' title='bbox 1125 1817 1401 1880; x_wconf 90' lang='lat' dir='ltr'>redeundi,</span> <span class='ocrx_word' id='word_1_169' title='bbox 1428 1817 1678 1884; x_wconf 85' lang='lat' dir='ltr'>perrexit.</span> <span class='ocrx_word' id='word_1_170' title='bbox 1757 1817 1861 1868; x_wconf 90' lang='lat' dir='ltr'>Die</span> <span class='ocrx_word' id='word_1_171' title='bbox 1882 1823 2085 1868; x_wconf 87' lang='lat' dir='ltr'>statuto</span> <span class='ocrx_word' id='word_1_172' title='bbox 2112 1835 2235 1867; x_wconf 92' lang='lat' dir='ltr'>cum</span> 
     </span>
     <span class='ocr_line' id='line_1_21' title="bbox 306 1888 2235 1957; baseline 0.002 -20"><span class='ocrx_word' id='word_1_173' title='bbox 306 1888 561 1940; x_wconf 89' lang='lat' dir='ltr'>intrasset</span> <span class='ocrx_word' id='word_1_174' title='bbox 601 1889 667 1939; x_wconf 91' lang='lat' dir='ltr'>ad</span> <span class='ocrx_word' id='word_1_175' title='bbox 706 1906 889 1955; x_wconf 82' lang='lat' dir='ltr'>regem</span> <span class='ocrx_word' id='word_1_176' title='bbox 928 1889 994 1940; x_wconf 89' lang='lat' dir='ltr'>de</span> <span class='ocrx_word' id='word_1_177' title='bbox 1037 1907 1166 1956; x_wconf 88' lang='lat' dir='ltr'>pace</span> <span class='ocrx_word' id='word_1_178' title='bbox 1212 1890 1508 1953; x_wconf 90' lang='lat' dir='ltr'>locuturus,</span> <span class='ocrx_word' id='word_1_179' title='bbox 1554 1908 1649 1956; x_wconf 89' lang='lat' dir='ltr'>per</span> <span class='ocrx_word' id='word_1_180' title='bbox 1687 1889 1911 1940; x_wconf 88' lang='lat' dir='ltr'>insidias</span> <span class='ocrx_word' id='word_1_181' title='bbox 1956 1890 2235 1957; x_wconf 83' lang='lat' dir='ltr'>cujusdam</span> 
     </span>
     <span class='ocr_line' id='line_1_22' title="bbox 305 1960 2236 2029; baseline 0.001 -19"><span class='ocrx_word' id='word_1_182' title='bbox 305 1960 541 2028; x_wconf 90' lang='lat' dir='ltr'>potentis</span> <span class='ocrx_word' id='word_1_183' title='bbox 567 1961 784 2012; x_wconf 91' lang='lat' dir='ltr'>nomine</span> <span class='ocrx_word' id='word_1_184' title='bbox 812 1961 1114 2012; x_wconf 84' lang='lat' dir='ltr'>Turebrant</span> <span class='ocrx_word' id='word_1_185' title='bbox 1142 1968 1496 2028; x_wconf 83' lang='lat' dir='ltr'>cognomento</span> <span class='ocrx_word' id='word_1_186' title='bbox 1536 1961 1700 2024; x_wconf 92' lang='lat' dir='ltr'>Hold,</span> <span class='ocrx_word' id='word_1_187' title='bbox 1741 1961 1939 2012; x_wconf 88' lang='lat' dir='ltr'>milites</span> <span class='ocrx_word' id='word_1_188' title='bbox 1975 1962 2116 2028; x_wconf 85' lang='lat' dir='ltr'>regis</span> <span class='ocrx_word' id='word_1_189' title='bbox 2143 1962 2236 2029; x_wconf 90' lang='lat' dir='ltr'>qui</span> 
     </span>
     <span class='ocr_line' id='line_1_23' title="bbox 305 2033 2234 2100; baseline 0.001 -18"><span class='ocrx_word' id='word_1_190' title='bbox 305 2038 428 2099; x_wconf 90' lang='lat' dir='ltr'>post</span> <span class='ocrx_word' id='word_1_191' title='bbox 454 2033 632 2084; x_wconf 90' lang='lat' dir='ltr'>velum</span> <span class='ocrx_word' id='word_1_192' title='bbox 660 2039 941 2084; x_wconf 87' lang='lat' dir='ltr'>extensum</span> <span class='ocrx_word' id='word_1_193' title='bbox 966 2052 1061 2100; x_wconf 92' lang='lat' dir='ltr'>per</span> <span class='ocrx_word' id='word_1_194' title='bbox 1086 2039 1449 2084; x_wconf 89' lang='lat' dir='ltr'>transversum</span> <span class='ocrx_word' id='word_1_195' title='bbox 1466 2034 1657 2084; x_wconf 89' lang='lat' dir='ltr'>domus</span> <span class='ocrx_word' id='word_1_196' title='bbox 1679 2033 1976 2084; x_wconf 82' lang='lat' dir='ltr'>absconditi</span> <span class='ocrx_word' id='word_1_197' title='bbox 2002 2033 2234 2096; x_wconf 87' lang='lat' dir='ltr'>fuerant,</span> 
     </span>
     <span class='ocr_line' id='line_1_24' title="bbox 308 2104 2240 2172; baseline 0.001 -17"><span class='ocrx_word' id='word_1_198' title='bbox 308 2104 487 2156; x_wconf 90' lang='lat' dir='ltr'>subito</span> <span class='ocrx_word' id='word_1_199' title='bbox 513 2105 853 2172; x_wconf 89' lang='lat' dir='ltr'>prosilientes</span> <span class='ocrx_word' id='word_1_200' title='bbox 878 2105 1106 2168; x_wconf 84' lang='lat' dir='ltr'>loricati,</span> <span class='ocrx_word' id='word_1_201' title='bbox 1134 2106 1191 2156; x_wconf 90' lang='lat' dir='ltr'>in</span> <span class='ocrx_word' id='word_1_202' title='bbox 1211 2106 1442 2169; x_wconf 89' lang='lat' dir='ltr'>Wiheal,</span> <span class='ocrx_word' id='word_1_203' title='bbox 1467 2106 1719 2157; x_wconf 87' lang='lat' dir='ltr'>comitem</span> <span class='ocrx_word' id='word_1_204' title='bbox 1747 2123 1870 2156; x_wconf 92' lang='lat' dir='ltr'>cum</span> <span class='ocrx_word' id='word_1_205' title='bbox 1898 2106 2006 2156; x_wconf 92' lang='lat' dir='ltr'>suis</span> <span class='ocrx_word' id='word_1_206' title='bbox 2033 2106 2087 2156; x_wconf 84' lang='lat' dir='ltr'>xl</span> <span class='ocrx_word' id='word_1_207' title='bbox 2113 2106 2240 2156; x_wconf 89' lang='lat' dir='ltr'>viris</span> 
     </span>
     <span class='ocr_line' id='line_1_25' title="bbox 307 2176 2235 2245; baseline 0.002 -19"><span class='ocrx_word' id='word_1_208' title='bbox 307 2176 693 2245; x_wconf 88' lang='lat' dir='ltr'>principalibus</span> <span class='ocrx_word' id='word_1_209' title='bbox 757 2177 849 2244; x_wconf 89' lang='lat' dir='ltr'>qui</span> <span class='ocrx_word' id='word_1_210' title='bbox 912 2195 1094 2228; x_wconf 93' lang='lat' dir='ltr'>secum</span> <span class='ocrx_word' id='word_1_211' title='bbox 1159 2178 1492 2229; x_wconf 88' lang='lat' dir='ltr'>intraverant</span> <span class='ocrx_word' id='word_1_212' title='bbox 1556 2178 2027 2229; x_wconf 88' lang='lat' dir='ltr'>obtruncaverunt.</span> <span class='ocrx_word' id='word_1_213' title='bbox 2112 2178 2235 2230; x_wconf 73' lang='lat' dir='ltr'>Quo</span> 
     </span>
     <span class='ocr_line' id='line_1_26' title="bbox 306 2248 2237 2317; baseline 0.001 -18"><span class='ocrx_word' id='word_1_214' title='bbox 306 2248 498 2312; x_wconf 89' lang='lat' dir='ltr'>occis0,</span> <span class='ocrx_word' id='word_1_215' title='bbox 525 2249 691 2300; x_wconf 86' lang='lat' dir='ltr'>frater</span> <span class='ocrx_word' id='word_1_216' title='bbox 715 2249 884 2316; x_wconf 91' lang='lat' dir='ltr'>ipsius</span> <span class='ocrx_word' id='word_1_217' title='bbox 913 2249 1128 2312; x_wconf 87' lang='lat' dir='ltr'>Eadulf,</span> <span class='ocrx_word' id='word_1_218' title='bbox 1157 2256 1513 2317; x_wconf 84' lang='lat' dir='ltr'>cognomento</span> <span class='ocrx_word' id='word_1_219' title='bbox 1542 2250 1729 2313; x_wconf 90' lang='lat' dir='ltr'>Cudel,</span> <span class='ocrx_word' id='word_1_220' title='bbox 1757 2250 1984 2317; x_wconf 82' lang='lat' dir='ltr'>ignavus</span> <span class='ocrx_word' id='word_1_221' title='bbox 2002 2250 2154 2300; x_wconf 89' lang='lat' dir='ltr'>valde</span> <span class='ocrx_word' id='word_1_222' title='bbox 2183 2257 2237 2301; x_wconf 89' lang='lat' dir='ltr'>et</span> 
     </span>
     <span class='ocr_line' id='line_1_27' title="bbox 306 2321 2239 2384; baseline 0.001 -13"><span class='ocrx_word' id='word_1_223' title='bbox 306 2321 547 2384; x_wconf 90' lang='lat' dir='ltr'>timidus,</span> <span class='ocrx_word' id='word_1_224' title='bbox 590 2321 638 2372; x_wconf 94' lang='lat' dir='ltr'>ei</span> <span class='ocrx_word' id='word_1_225' title='bbox 671 2321 928 2372; x_wconf 91' lang='lat' dir='ltr'>successit</span> <span class='ocrx_word' id='word_1_226' title='bbox 967 2322 1025 2371; x_wconf 92' lang='lat' dir='ltr'>in</span> <span class='ocrx_word' id='word_1_227' title='bbox 1062 2322 1397 2373; x_wconf 89' lang='lat' dir='ltr'>comitatum.</span> <span class='ocrx_word' id='word_1_228' title='bbox 1475 2322 1691 2373; x_wconf 86' lang='lat' dir='ltr'>Timens</span> <span class='ocrx_word' id='word_1_229' title='bbox 1734 2328 1915 2373; x_wconf 89' lang='lat' dir='ltr'>autem</span> <span class='ocrx_word' id='word_1_230' title='bbox 1959 2340 2026 2373; x_wconf 91' lang='lat' dir='ltr'>ne</span> <span class='ocrx_word' id='word_1_231' title='bbox 2068 2322 2239 2373; x_wconf 89' lang='lat' dir='ltr'>Scotti</span> 
     </span>
     <span class='ocr_line' id='line_1_28' title="bbox 309 2393 2237 2462; baseline 0 -18"><span class='ocrx_word' id='word_1_232' title='bbox 309 2399 537 2444; x_wconf 89' lang='lat' dir='ltr'>mortem</span> <span class='ocrx_word' id='word_1_233' title='bbox 564 2412 784 2444; x_wconf 90' lang='lat' dir='ltr'>suorum</span> <span class='ocrx_word' id='word_1_234' title='bbox 811 2412 943 2461; x_wconf 91' lang='lat' dir='ltr'>quos</span> <span class='ocrx_word' id='word_1_235' title='bbox 970 2393 1136 2446; x_wconf 90' lang='lat' dir='ltr'>frater</span> <span class='ocrx_word' id='word_1_236' title='bbox 1162 2395 1297 2462; x_wconf 84' lang='lat' dir='ltr'>ejus,</span> <span class='ocrx_word' id='word_1_237' title='bbox 1325 2401 1387 2445; x_wconf 92' lang='lat' dir='ltr'>ut</span> <span class='ocrx_word' id='word_1_238' title='bbox 1414 2395 1780 2462; x_wconf 90' lang='lat' dir='ltr'>supradictum</span> <span class='ocrx_word' id='word_1_239' title='bbox 1816 2400 1912 2457; x_wconf 91' lang='lat' dir='ltr'>est,</span> <span class='ocrx_word' id='word_1_240' title='bbox 1950 2394 2237 2457; x_wconf 91' lang='lat' dir='ltr'>occiderat,</span> 
     </span>
     <span class='ocr_line' id='line_1_29' title="bbox 305 2466 2237 2528; baseline 0 -11"><span class='ocrx_word' id='word_1_241' title='bbox 305 2466 357 2517; x_wconf 88' lang='lat' dir='ltr'>in</span> <span class='ocrx_word' id='word_1_242' title='bbox 390 2484 445 2517; x_wconf 89' lang='lat' dir='ltr'>se</span> <span class='ocrx_word' id='word_1_243' title='bbox 461 2466 813 2528; x_wconf 85' lang='lat' dir='ltr'>vindicarent,</span> <span class='ocrx_word' id='word_1_244' title='bbox 841 2472 1017 2517; x_wconf 89' lang='lat' dir='ltr'>totum</span> <span class='ocrx_word' id='word_1_245' title='bbox 1047 2467 1382 2518; x_wconf 89' lang='lat' dir='ltr'>Lodoneium</span> <span class='ocrx_word' id='word_1_246' title='bbox 1409 2466 1476 2517; x_wconf 93' lang='lat' dir='ltr'>ob</span> <span class='ocrx_word' id='word_1_247' title='bbox 1497 2467 1917 2518; x_wconf 86' lang='lat' dir='ltr'>satisfactionem</span> <span class='ocrx_word' id='word_1_248' title='bbox 1947 2472 2000 2518; x_wconf 92' lang='lat' dir='ltr'>et</span> <span class='ocrx_word' id='word_1_249' title='bbox 2026 2467 2237 2517; x_wconf 89' lang='lat' dir='ltr'>firmam</span> 
     </span>
     <span class='ocr_line' id='line_1_30' title="bbox 307 2538 2239 2607; baseline 0.001 -19"><span class='ocrx_word' id='word_1_250' title='bbox 307 2538 648 2589; x_wconf 90' lang='lat' dir='ltr'>concordiam</span> <span class='ocrx_word' id='word_1_251' title='bbox 675 2538 750 2590; x_wconf 92' lang='lat' dir='ltr'>eis</span> <span class='ocrx_word' id='word_1_252' title='bbox 788 2538 1023 2589; x_wconf 91' lang='lat' dir='ltr'>donavit.</span> <span class='ocrx_word' id='word_1_253' title='bbox 1104 2539 1226 2590; x_wconf 92' lang='lat' dir='ltr'>Hoc</span> <span class='ocrx_word' id='word_1_254' title='bbox 1269 2540 1429 2590; x_wconf 90' lang='lat' dir='ltr'>modo</span> <span class='ocrx_word' id='word_1_255' title='bbox 1470 2539 1807 2590; x_wconf 87' lang='lat' dir='ltr'>Lodoneium</span> <span class='ocrx_word' id='word_1_256' title='bbox 1848 2539 2118 2607; x_wconf 83' lang='lat' dir='ltr'>adjectum</span> <span class='ocrx_word' id='word_1_257' title='bbox 2159 2545 2239 2590; x_wconf 92' lang='lat' dir='ltr'>est</span> 
     </span>
     <span class='ocr_line' id='line_1_31' title="bbox 305 2610 2237 2678; baseline 0 -17"><span class='ocrx_word' id='word_1_258' title='bbox 305 2628 473 2677; x_wconf 81' lang='lat' dir='ltr'>regno</span> <span class='ocrx_word' id='word_1_259' title='bbox 497 2611 823 2662; x_wconf 87' lang='lat' dir='ltr'>Scottorum.</span> <span class='ocrx_word' id='word_1_260' title='bbox 892 2610 997 2661; x_wconf 90' lang='lat' dir='ltr'>Sed</span> <span class='ocrx_word' id='word_1_261' title='bbox 1018 2611 1249 2662; x_wconf 87' lang='lat' dir='ltr'>Eadulfo</span> <span class='ocrx_word' id='word_1_262' title='bbox 1269 2617 1388 2678; x_wconf 88' lang='lat' dir='ltr'>post</span> <span class='ocrx_word' id='word_1_263' title='bbox 1409 2611 1680 2662; x_wconf 89' lang='lat' dir='ltr'>modicum</span> <span class='ocrx_word' id='word_1_264' title='bbox 1700 2617 1932 2673; x_wconf 90' lang='lat' dir='ltr'>mortuo,</span> <span class='ocrx_word' id='word_1_265' title='bbox 1951 2611 2237 2673; x_wconf 90' lang='lat' dir='ltr'>Aldredus,</span> 
     </span>
     <span class='ocr_line' id='line_1_32' title="bbox 308 2682 2241 2750; baseline 0 -18"><span class='ocrx_word' id='word_1_266' title='bbox 308 2701 468 2749; x_wconf 91' lang='lat' dir='ltr'>quem</span> <span class='ocrx_word' id='word_1_267' title='bbox 494 2682 780 2750; x_wconf 86' lang='lat' dir='ltr'>praedictus</span> <span class='ocrx_word' id='word_1_268' title='bbox 810 2700 985 2734; x_wconf 89' lang='lat' dir='ltr'>comes</span> <span class='ocrx_word' id='word_1_269' title='bbox 1011 2683 1320 2734; x_wconf 91' lang='lat' dir='ltr'>Vcthredus</span> <span class='ocrx_word' id='word_1_270' title='bbox 1356 2689 1615 2750; x_wconf 84' lang='lat' dir='ltr'>genuerat</span> <span class='ocrx_word' id='word_1_271' title='bbox 1656 2702 1719 2734; x_wconf 83' lang='lat' dir='ltr'>ex</span> <span class='ocrx_word' id='word_1_272' title='bbox 1755 2683 2011 2750; x_wconf 84' lang='lat' dir='ltr'>Ecgfrida</span> <span class='ocrx_word' id='word_1_273' title='bbox 2037 2683 2241 2733; x_wconf 87' lang='lat' dir='ltr'>Alduni</span> 
     </span>
     <span class='ocr_line' id='line_1_33' title="bbox 308 2754 2238 2822; baseline 0.001 -18"><span class='ocrx_word' id='word_1_274' title='bbox 308 2754 541 2821; x_wconf 88' lang='lat' dir='ltr'>episcopi</span> <span class='ocrx_word' id='word_1_275' title='bbox 567 2754 694 2817; x_wconf 90' lang='lat' dir='ltr'>filia,</span> <span class='ocrx_word' id='word_1_276' title='bbox 717 2755 783 2806; x_wconf 91' lang='lat' dir='ltr'>de</span> <span class='ocrx_word' id='word_1_277' title='bbox 805 2773 910 2822; x_wconf 88' lang='lat' dir='ltr'>qua</span> <span class='ocrx_word' id='word_1_278' title='bbox 930 2755 1297 2822; x_wconf 90' lang='lat' dir='ltr'>supradictum</span> <span class='ocrx_word' id='word_1_279' title='bbox 1326 2761 1424 2819; x_wconf 91' lang='lat' dir='ltr'>est,</span> <span class='ocrx_word' id='word_1_280' title='bbox 1454 2755 1617 2806; x_wconf 89' lang='lat' dir='ltr'>solius</span> <span class='ocrx_word' id='word_1_281' title='bbox 1639 2755 2049 2806; x_wconf 85' lang='lat' dir='ltr'>Northumbriae</span> <span class='ocrx_word' id='word_1_282' title='bbox 2075 2755 2238 2806; x_wconf 91' lang='lat' dir='ltr'>comi-</span> 
     </span>
     <span class='ocr_line' id='line_1_34' title="bbox 307 2827 2235 2894; baseline 0.001 -18"><span class='ocrx_word' id='word_1_283' title='bbox 307 2832 485 2876; x_wconf 87' lang='lat' dir='ltr'>tatum</span> <span class='ocrx_word' id='word_1_284' title='bbox 536 2827 787 2892; x_wconf 91' lang='lat' dir='ltr'>suscepit,</span> <span class='ocrx_word' id='word_1_285' title='bbox 839 2827 1115 2894; x_wconf 90' lang='lat' dir='ltr'>patrisque</span> <span class='ocrx_word' id='word_1_286' title='bbox 1167 2828 1250 2878; x_wconf 91' lang='lat' dir='ltr'>sui</span> <span class='ocrx_word' id='word_1_287' title='bbox 1293 2827 1698 2879; x_wconf 86' lang='lat' dir='ltr'>interfectorem</span> <span class='ocrx_word' id='word_1_288' title='bbox 1748 2828 2020 2878; x_wconf 91' lang='lat' dir='ltr'>interfecit</span> <span class='ocrx_word' id='word_1_289' title='bbox 2070 2828 2235 2878; x_wconf 85' lang='lat' dir='ltr'>Ture-</span> 
     </span>
     <span class='ocr_line' id='line_1_35' title="bbox 307 2898 2237 2965; baseline 0 -16"><span class='ocrx_word' id='word_1_290' title='bbox 307 2898 591 2949; x_wconf 90' lang='lat' dir='ltr'>brandum.</span> <span class='ocrx_word' id='word_1_291' title='bbox 671 2899 852 2965; x_wconf 83' lang='lat' dir='ltr'>Hujus</span> <span class='ocrx_word' id='word_1_292' title='bbox 899 2899 1234 2950; x_wconf 85' lang='lat' dir='ltr'>Turebrandi</span> <span class='ocrx_word' id='word_1_293' title='bbox 1279 2899 1422 2949; x_wconf 89' lang='lat' dir='ltr'>filius</span> <span class='ocrx_word' id='word_1_294' title='bbox 1474 2899 1599 2950; x_wconf 87' lang='lat' dir='ltr'>Carl</span> <span class='ocrx_word' id='word_1_295' title='bbox 1648 2906 1702 2950; x_wconf 90' lang='lat' dir='ltr'>et</span> <span class='ocrx_word' id='word_1_296' title='bbox 1743 2899 2012 2950; x_wconf 88' lang='lat' dir='ltr'>Aldredus</span> <span class='ocrx_word' id='word_1_297' title='bbox 2063 2916 2237 2949; x_wconf 90' lang='lat' dir='ltr'>comes</span> 
     </span>
     <span class='ocr_line' id='line_1_36' title="bbox 308 2969 2236 3037; baseline 0.001 -18"><span class='ocrx_word' id='word_1_298' title='bbox 308 2969 558 3037; x_wconf 86' lang='lat' dir='ltr'>gravibus</span> <span class='ocrx_word' id='word_1_299' title='bbox 585 2970 846 3036; x_wconf 83' lang='lat' dir='ltr'>exagitati</span> <span class='ocrx_word' id='word_1_300' title='bbox 871 2971 1172 3034; x_wconf 90' lang='lat' dir='ltr'>calumniis,</span> <span class='ocrx_word' id='word_1_301' title='bbox 1200 2972 1330 3021; x_wconf 90' lang='lat' dir='ltr'>dum</span> <span class='ocrx_word' id='word_1_302' title='bbox 1356 2970 1484 3021; x_wconf 90' lang='lat' dir='ltr'>hinc</span> <span class='ocrx_word' id='word_1_303' title='bbox 1511 2977 1565 3021; x_wconf 92' lang='lat' dir='ltr'>et</span> <span class='ocrx_word' id='word_1_304' title='bbox 1589 2971 1714 3021; x_wconf 92' lang='lat' dir='ltr'>inde</span> <span class='ocrx_word' id='word_1_305' title='bbox 1740 2971 1992 3037; x_wconf 88' lang='lat' dir='ltr'>utrinque</span> <span class='ocrx_word' id='word_1_306' title='bbox 2018 2970 2236 3021; x_wconf 88' lang='lat' dir='ltr'>insidia-</span> 
     </span>
     <span class='ocr_line' id='line_1_37' title="bbox 307 3041 2237 3105; baseline 0 -13"><span class='ocrx_word' id='word_1_307' title='bbox 307 3047 514 3104; x_wconf 88' lang='lat' dir='ltr'>rentur,</span> <span class='ocrx_word' id='word_1_308' title='bbox 577 3042 799 3092; x_wconf 87' lang='lat' dir='ltr'>tandem</span> <span class='ocrx_word' id='word_1_309' title='bbox 850 3042 1144 3093; x_wconf 90' lang='lat' dir='ltr'>amicorum</span> <span class='ocrx_word' id='word_1_310' title='bbox 1195 3042 1455 3092; x_wconf 89' lang='lat' dir='ltr'>instantia</span> <span class='ocrx_word' id='word_1_311' title='bbox 1504 3041 1713 3093; x_wconf 88' lang='lat' dir='ltr'>reducti</span> <span class='ocrx_word' id='word_1_312' title='bbox 1761 3042 1819 3092; x_wconf 90' lang='lat' dir='ltr'>in</span> <span class='ocrx_word' id='word_1_313' title='bbox 1879 3042 2237 3105; x_wconf 89' lang='lat' dir='ltr'>concordiam,</span> 
     </span>
     <span class='ocr_line' id='line_1_38' title="bbox 310 3113 2238 3181; baseline 0.001 -17"><span class='ocrx_word' id='word_1_314' title='bbox 310 3114 517 3164; x_wconf 88' lang='lat' dir='ltr'>alterna</span> <span class='ocrx_word' id='word_1_315' title='bbox 552 3131 665 3164; x_wconf 85' lang='lat' dir='ltr'>sese</span> <span class='ocrx_word' id='word_1_316' title='bbox 701 3113 1065 3165; x_wconf 89' lang='lat' dir='ltr'>satisfactione</span> <span class='ocrx_word' id='word_1_317' title='bbox 1100 3114 1460 3164; x_wconf 90' lang='lat' dir='ltr'>mediantibus</span> <span class='ocrx_word' id='word_1_318' title='bbox 1503 3113 1687 3164; x_wconf 89' lang='lat' dir='ltr'>amicis</span> <span class='ocrx_word' id='word_1_319' title='bbox 1721 3114 2036 3180; x_wconf 88' lang='lat' dir='ltr'>placabant:</span> <span class='ocrx_word' id='word_1_320' title='bbox 2080 3121 2238 3181; x_wconf 90' lang='lat' dir='ltr'>atque</span> 
     </span>
     <span class='ocr_line' id='line_1_39' title="bbox 310 3185 2238 3254; baseline 0.001 -18"><span class='ocrx_word' id='word_1_321' title='bbox 310 3186 442 3236; x_wconf 90' lang='lat' dir='ltr'>adeo</span> <span class='ocrx_word' id='word_1_322' title='bbox 486 3185 544 3235; x_wconf 90' lang='lat' dir='ltr'>in</span> <span class='ocrx_word' id='word_1_323' title='bbox 587 3203 823 3236; x_wconf 90' lang='lat' dir='ltr'>amorem</span> <span class='ocrx_word' id='word_1_324' title='bbox 864 3185 1184 3236; x_wconf 88' lang='lat' dir='ltr'>alterutrum</span> <span class='ocrx_word' id='word_1_325' title='bbox 1224 3191 1351 3236; x_wconf 90' lang='lat' dir='ltr'>sunt</span> <span class='ocrx_word' id='word_1_326' title='bbox 1393 3185 1630 3248; x_wconf 89' lang='lat' dir='ltr'>adunati,</span> <span class='ocrx_word' id='word_1_327' title='bbox 1676 3192 1738 3236; x_wconf 91' lang='lat' dir='ltr'>ut</span> <span class='ocrx_word' id='word_1_328' title='bbox 1775 3185 1967 3237; x_wconf 86' lang='lat' dir='ltr'>fratres</span> <span class='ocrx_word' id='word_1_329' title='bbox 2008 3186 2238 3254; x_wconf 84' lang='lat' dir='ltr'>adjurati</span> 
     </span>
     <span class='ocr_line' id='line_1_40' title="bbox 310 3257 2238 3325; baseline -0.001 -16"><span class='ocrx_word' id='word_1_330' title='bbox 310 3259 539 3309; x_wconf 84' lang='lat' dir='ltr'>Romam</span> <span class='ocrx_word' id='word_1_331' title='bbox 581 3257 743 3307; x_wconf 91' lang='lat' dir='ltr'>simul</span> <span class='ocrx_word' id='word_1_332' title='bbox 780 3257 1080 3307; x_wconf 87' lang='lat' dir='ltr'>tenderent.</span> <span class='ocrx_word' id='word_1_333' title='bbox 1161 3257 1266 3307; x_wconf 87' lang='lat' dir='ltr'>Sed</span> <span class='ocrx_word' id='word_1_334' title='bbox 1312 3257 1522 3308; x_wconf 88' lang='lat' dir='ltr'>diutina</span> <span class='ocrx_word' id='word_1_335' title='bbox 1565 3257 1726 3308; x_wconf 89' lang='lat' dir='ltr'>maris</span> <span class='ocrx_word' id='word_1_336' title='bbox 1772 3263 2093 3325; x_wconf 83' lang='lat' dir='ltr'>tempestate</span> <span class='ocrx_word' id='word_1_337' title='bbox 2137 3258 2238 3308; x_wconf 91' lang='lat' dir='ltr'>im-</span> 
     </span>
     <span class='ocr_line' id='line_1_41' title="bbox 308 3329 2241 3397; baseline -0.001 -16"><span class='ocrx_word' id='word_1_338' title='bbox 308 3329 497 3397; x_wconf 90' lang='lat' dir='ltr'>pediti,</span> <span class='ocrx_word' id='word_1_339' title='bbox 539 3335 776 3396; x_wconf 87' lang='lat' dir='ltr'>coeptum</span> <span class='ocrx_word' id='word_1_340' title='bbox 819 3329 924 3380; x_wconf 85' lang='lat' dir='ltr'>iter</span> <span class='ocrx_word' id='word_1_341' title='bbox 966 3329 1332 3397; x_wconf 87' lang='lat' dir='ltr'>relinquentes</span> <span class='ocrx_word' id='word_1_342' title='bbox 1377 3329 1597 3380; x_wconf 91' lang='lat' dir='ltr'>domum</span> <span class='ocrx_word' id='word_1_343' title='bbox 1650 3336 1775 3380; x_wconf 86' lang='lat' dir='ltr'>sunt</span> <span class='ocrx_word' id='word_1_344' title='bbox 1826 3330 2038 3381; x_wconf 87' lang='lat' dir='ltr'>reversi.</span> <span class='ocrx_word' id='word_1_345' title='bbox 2115 3331 2241 3381; x_wconf 89' lang='lat' dir='ltr'>Carl</span> 
     </span>
     <span class='ocr_line' id='line_1_42' title="bbox 307 3401 2237 3469; baseline -0.001 -16"><span class='ocrx_word' id='word_1_346' title='bbox 307 3401 593 3469; x_wconf 85' lang='lat' dir='ltr'>magnifice</span> <span class='ocrx_word' id='word_1_347' title='bbox 620 3401 748 3452; x_wconf 89' lang='lat' dir='ltr'>satis</span> <span class='ocrx_word' id='word_1_348' title='bbox 776 3407 829 3451; x_wconf 91' lang='lat' dir='ltr'>et</span> <span class='ocrx_word' id='word_1_349' title='bbox 865 3408 1110 3452; x_wconf 90' lang='lat' dir='ltr'>accurate</span> <span class='ocrx_word' id='word_1_350' title='bbox 1137 3401 1407 3452; x_wconf 86' lang='lat' dir='ltr'>Comitem</span> <span class='ocrx_word' id='word_1_351' title='bbox 1442 3401 1674 3468; x_wconf 91' lang='lat' dir='ltr'>suscepit</span> <span class='ocrx_word' id='word_1_352' title='bbox 1711 3402 1768 3452; x_wconf 93' lang='lat' dir='ltr'>in</span> <span class='ocrx_word' id='word_1_353' title='bbox 1808 3402 2028 3453; x_wconf 90' lang='lat' dir='ltr'>domum</span> <span class='ocrx_word' id='word_1_354' title='bbox 2067 3421 2237 3465; x_wconf 90' lang='lat' dir='ltr'>suam,</span> 
     </span>
     <span class='ocr_line' id='line_1_43' title="bbox 310 3472 2238 3542; baseline -0.001 -16"><span class='ocrx_word' id='word_1_355' title='bbox 310 3475 404 3526; x_wconf 90' lang='lat' dir='ltr'>sed</span> <span class='ocrx_word' id='word_1_356' title='bbox 446 3480 567 3542; x_wconf 91' lang='lat' dir='ltr'>post</span> <span class='ocrx_word' id='word_1_357' title='bbox 609 3472 846 3525; x_wconf 84' lang='lat' dir='ltr'>exhibita</span> <span class='ocrx_word' id='word_1_358' title='bbox 892 3473 1133 3524; x_wconf 90' lang='lat' dir='ltr'>convivia</span> <span class='ocrx_word' id='word_1_359' title='bbox 1173 3473 1302 3523; x_wconf 93' lang='lat' dir='ltr'>dum</span> <span class='ocrx_word' id='word_1_360' title='bbox 1353 3491 1478 3525; x_wconf 93' lang='lat' dir='ltr'>eum</span> <span class='ocrx_word' id='word_1_361' title='bbox 1529 3473 1666 3524; x_wconf 91' lang='lat' dir='ltr'>nihil</span> <span class='ocrx_word' id='word_1_362' title='bbox 1706 3474 1836 3525; x_wconf 88' lang='lat' dir='ltr'>mali</span> <span class='ocrx_word' id='word_1_363' title='bbox 1877 3474 2238 3542; x_wconf 89' lang='lat' dir='ltr'>suspicantem</span> 
     </span>
     <span class='ocr_line' id='line_1_44' title="bbox 309 3544 2242 3614; baseline -0.001 -17"><span class='ocrx_word' id='word_1_364' title='bbox 309 3547 463 3614; x_wconf 88' lang='lat' dir='ltr'>quasi</span> <span class='ocrx_word' id='word_1_365' title='bbox 497 3546 715 3597; x_wconf 89' lang='lat' dir='ltr'>honoris</span> <span class='ocrx_word' id='word_1_366' title='bbox 756 3544 931 3612; x_wconf 86' lang='lat' dir='ltr'>gratia</span> <span class='ocrx_word' id='word_1_367' title='bbox 968 3545 1272 3608; x_wconf 90' lang='lat' dir='ltr'>deduceret,</span> <span class='ocrx_word' id='word_1_368' title='bbox 1312 3545 1371 3596; x_wconf 92' lang='lat' dir='ltr'>in</span> <span class='ocrx_word' id='word_1_369' title='bbox 1410 3546 1542 3596; x_wconf 89' lang='lat' dir='ltr'>silva</span> <span class='ocrx_word' id='word_1_370' title='bbox 1581 3564 1698 3613; x_wconf 85' lang='lat' dir='ltr'>quae</span> <span class='ocrx_word' id='word_1_371' title='bbox 1738 3546 1982 3598; x_wconf 84' lang='lat' dir='ltr'>Risewde</span> <span class='ocrx_word' id='word_1_372' title='bbox 2020 3553 2242 3597; x_wconf 87' lang='lat' dir='ltr'>vocatur</span> 
     </span>
     <span class='ocr_line' id='line_1_45' title="bbox 309 3617 2239 3686; baseline -0.001 -17"><span class='ocrx_word' id='word_1_373' title='bbox 309 3618 597 3681; x_wconf 86' lang='lat' dir='ltr'>interfecit,</span> <span class='ocrx_word' id='word_1_374' title='bbox 649 3617 742 3669; x_wconf 90' lang='lat' dir='ltr'>ubi</span> <span class='ocrx_word' id='word_1_375' title='bbox 786 3635 956 3684; x_wconf 89' lang='lat' dir='ltr'>usque</span> <span class='ocrx_word' id='word_1_376' title='bbox 1000 3617 1159 3669; x_wconf 91' lang='lat' dir='ltr'>hodie</span> <span class='ocrx_word' id='word_1_377' title='bbox 1199 3618 1379 3668; x_wconf 87' lang='lat' dir='ltr'>locum</span> <span class='ocrx_word' id='word_1_378' title='bbox 1426 3617 1708 3669; x_wconf 90' lang='lat' dir='ltr'>occisionis</span> <span class='ocrx_word' id='word_1_379' title='bbox 1749 3620 1863 3686; x_wconf 86' lang='lat' dir='ltr'>ejus</span> <span class='ocrx_word' id='word_1_380' title='bbox 1909 3618 2131 3685; x_wconf 89' lang='lat' dir='ltr'>parvula</span> <span class='ocrx_word' id='word_1_381' title='bbox 2174 3618 2239 3669; x_wconf 88' lang='grc'>(16</span> 
     </span>
     <span class='ocr_line' id='line_1_46' title="bbox 310 3689 2240 3758; baseline -0.001 -16"><span class='ocrx_word' id='word_1_382' title='bbox 310 3691 486 3758; x_wconf 88' lang='lat' dir='ltr'>lapide</span> <span class='ocrx_word' id='word_1_383' title='bbox 513 3708 642 3742; x_wconf 87' lang='lat' dir='ltr'>crux</span> <span class='ocrx_word' id='word_1_384' title='bbox 669 3690 919 3741; x_wconf 88' lang='lat' dir='ltr'>ostendit.</span> <span class='ocrx_word' id='word_1_385' title='bbox 1000 3689 1297 3758; x_wconf 82' lang='lat' dir='ltr'>Interjecto</span> <span class='ocrx_word' id='word_1_386' title='bbox 1324 3696 1563 3757; x_wconf 88' lang='lat' dir='ltr'>tempore</span> <span class='ocrx_word' id='word_1_387' title='bbox 1590 3708 1755 3758; x_wconf 91' lang='lat' dir='ltr'>nepos</span> <span class='ocrx_word' id='word_1_388' title='bbox 1780 3690 2002 3742; x_wconf 88' lang='lat' dir='ltr'>Aldredi</span> <span class='ocrx_word' id='word_1_389' title='bbox 2031 3690 2240 3741; x_wconf 86' lang='lat' dir='ltr'>comitis</span> 
     </span>
    </p>
   </div>
  </div>
 </body>
</html>
