2384 4126
281 389 351 438 54
892 403 1160 437 SYMEONIS
1201 403 1589 437 DUNELMENsls

279 529 886 598 Northanhymbrorum
930 529 1205 596 regionem
1250 529 1520 596 profectus
1566 535 1664 593 est,
1705 529 1887 597 ibique
1930 528 2205 591 hiemavit,

280 621 402 654 cum
429 620 535 670 quo
559 603 756 654 iterum
784 602 981 653 Mercii
1007 620 1192 670 pacem
1218 601 1576 670 pepigerunt.e

1087 782 1405 816 DCCCLXXIV.

385 864 548 915 Anno
575 864 874 915 Dominicae
898 863 1284 915 incarnationis
1311 864 1657 932 Decolxxiiij,
1693 863 1991 915 nativitatis
2026 867 2207 914 autem

277 935 484 987 Elfredi
524 937 664 1003 regis
704 936 1010 1002 Anglorum
1049 954 1169 999 xxv,
1213 943 1728 1003 supra-memoratus
1768 936 2032 988 exercitus
2073 933 2204 986 Lin-

277 1008 475 1059 dissem
524 1008 852 1075 provinciam
898 1007 1150 1069 deseruit,
1202 1008 1468 1059 Merciam
1514 1008 1663 1071 adiit,
1710 1015 1764 1060 et
1813 1009 1871 1059 in
1918 1006 2224 1075 Hripadun

275 1079 550 1131 hiemavit.
652 1079 997 1130 Burhredum
1042 1097 1268 1146 quoque,
1314 1080 1646 1130 Merciorum
1685 1098 1887 1147 regem,
1934 1080 1999 1131 de
2040 1095 2207 1146 regno

277 1151 617 1219 depulerunt,
661 1157 714 1202 et
760 1150 828 1201 ad
873 1151 1103 1201 Romam
1146 1150 1290 1202 exire
1335 1152 1710 1218 compulerunt
1760 1152 1864 1219 xxij
1918 1151 2073 1219 regni
2123 1149 2206 1200 sui

277 1241 433 1275 annO.
515 1223 641 1286 Qui,
678 1228 960 1290 postquam
995 1223 1227 1273 Romam
1273 1222 1494 1286 adierat,
1536 1241 1646 1274 non
1686 1223 1780 1274 diu
1819 1224 1951 1274 vixit
1992 1222 2204 1283 saecu10,

275 1294 529 1363 quoniam
554 1294 796 1362 pervenit
825 1294 891 1345 ad
926 1295 1068 1345 Eum
1096 1294 1207 1346 Qui
1246 1301 1326 1345 est
1356 1313 1475 1345 vera
1500 1295 1628 1358 vita,
1665 1295 2009 1362 sepultusque
2033 1295 2203 1345 hono-

273 1367 420 1418 rifice
447 1373 528 1418 est
553 1367 611 1416 in
638 1366 861 1418 ecclesia
889 1367 1102 1418 Sanctae
1136 1366 1328 1418 Mariae
1367 1367 1745 1435 genitricisque
1779 1367 2002 1419 Domini
2029 1365 2207 1417 ‘nostri

274 1440 307 1489 J
313 1457 406 1490 esu
439 1438 662 1501 Christi,
691 1456 900 1505 semper
924 1438 1166 1505 virginiS,
1196 1445 1482 1519 expectans
1514 1440 1648 1507 Ejus
1690 1439 1979 1491 adventum
2015 1456 2204 1491 secun-

274 1511 421 1575 dum,
450 1511 663 1579 quando
698 1510 855 1561 bonis
884 1511 1034 1579 justa
1069 1511 1289 1578 praemia
1329 1511 1552 1578 largiter
1591 1512 1854 1575 concedit,
1897 1511 2052 1562 malis
2092 1511 2207 1562 dira

273 1584 544 1651 dispensat
596 1582 873 1651 supplicia.
974 1583 1119 1634 Dani
1161 1601 1388 1651 quoque,
1435 1590 1554 1650 post
1604 1583 1767 1652 hujus
1819 1584 2205 1651 expulsionem,

271 1674 500 1723 regnum
540 1655 873 1707 Merciorum
913 1673 1008 1705 suo
1050 1655 1289 1706 dominio
1331 1655 1702 1707 subdiderunt.
1781 1656 2146 1707 Commendav
2134 1673 2203 1705 e-

270 1734 399 1779 runt
450 1728 586 1778 illud
637 1727 851 1778 cuidam
895 1727 1058 1777 militi
1106 1727 1272 1795 ipsius
1323 1728 1518 1795 gentis,
1563 1728 1782 1779 nomine
1824 1728 2096 1791 Ceolwlfo,
2144 1745 2208 1778 ea

269 1800 478 1851 ratione
518 1806 598 1863 ut,
635 1799 849 1867 quando
883 1799 1101 1863 vellent,
1140 1817 1355 1850 rursum
1396 1800 1594 1868 absque
1640 1800 1780 1865 dolo,
1823 1800 2021 1868 absque
2061 1799 2205 1850 malo

269 1873 550 1924 haberent.

1091 1981 1385 2015 DCCCLXXV.

377 2065 540 2115 Anno
584 2062 886 2115 Dominicae
930 2062 1316 2114 incarnationis
1358 2062 1656 2125 Dccc,lxxv,
1682 2062 1980 2114 nativitatis
2022 2068 2204 2113 autem

266 2136 476 2188 Elfredi
501 2136 646 2203 regis
672 2136 815 2203 xxvj,
850 2135 1138 2202 praedictus
1170 2134 1435 2186 exercitus
1470 2134 1736 2202 Repadun
1767 2135 2022 2196 deseruit,
2063 2152 2202 2186 sese-

269 2227 372 2276 que
397 2209 455 2259 in
483 2208 615 2259 duas
641 2214 820 2275 partes
848 2207 1044 2258 divisit.
1110 2207 1238 2258 Una
1263 2226 1385 2274 pars
1413 2225 1536 2257 cum
1560 2207 1807 2258 Haldene
1835 2207 1900 2257 ad
1926 2207 2203 2273 regionem

267 2280 877 2349 Northanhymbrorum
905 2279 1141 2342 secessit,
1170 2285 1223 2330 et
1251 2297 1369 2330 eam
1395 2277 1671 2342 vastavit,f
1690 2287 1744 2330 et
1771 2279 2028 2330 hiemavit
2048 2279 2204 2346 juxta

268 2354 467 2405 flumen
505 2352 647 2420 quod
682 2352 879 2402 dicitur
909 2351 1061 2413 Tine,
1104 2357 1157 2402 et
1183 2357 1356 2402 totam
1384 2358 1601 2418 gentem
1628 2368 1723 2401 suo
1751 2351 2051 2402 dominatui
2079 2351 2201 2402 sub-

270 2426 423 2488 didit,
453 2431 507 2476 et
533 2425 713 2475 Pictos
741 2430 901 2491 atque
930 2423 1371 2475 Stretduccenses
1398 2423 1705 2490 depopulati
1731 2429 1873 2474 sunt.

378 2497 670 2549 Eardulfus
715 2496 993 2563 episcopus
1036 2502 1089 2547 et
1135 2496 1300 2547 abbas
1343 2495 1622 2546 Eadredus
1664 2495 1729 2546 de
1773 2495 2205 2546 Lindisfarnensi

269 2570 445 2621 insula
499 2587 689 2636 corpus
742 2568 929 2619 Sancti
980 2568 1270 2619 Cuthberti
1309 2568 1586 2630 tollentes,
1632 2586 1727 2634 per
1770 2568 1825 2617 ix
1867 2585 2034 2618 annos
2080 2574 2204 2618 ante

268 2642 462 2693 faciem
501 2641 852 2692 barbarorum
894 2640 959 2691 de
1000 2640 1118 2691 loco
1155 2640 1222 2690 ad
1254 2640 1434 2691 locum
1470 2639 1759 2706 fugienteS‚
1797 2657 1919 2690 cum
1954 2640 2048 2691 illo
2082 2640 2200 2690 the-

271 2731 428 2765 sauro
480 2713 863 2764 discurrerunt.
956 2712 1147 2762 Altera
1197 2729 1407 2779 quoque
1458 2730 1579 2778 pars
1628 2711 1796 2779 ipsius
1847 2712 2029 2762 classis
2081 2729 2204 2762 cum

272 2785 573 2836 Gutthrum
600 2791 654 2835 et
682 2783 903 2851 Oscytel
941 2789 995 2834 et
1021 2783 1262 2845 Amund,
1289 2783 1506 2849 regibus
1533 2784 1892 2849 Paganorum,
1921 2784 1987 2834 ad
2024 2784 2203 2834 locum

273 2857 366 2924 qui
406 2856 604 2907 dicitur
646 2854 970 2905 Grantabric
1014 2854 1273 2922 pervenit,
1318 2854 1500 2921 ibique
1544 2854 1832 2921 hyemavit.
1925 2855 2040 2906 Rex
2080 2873 2204 2906 vero

272 2928 478 2991 Elfred,
520 2927 698 2978 navali
738 2926 926 2993 proelio
968 2926 1319 2988 confortatUS,
1363 2943 1453 2976 sex
1497 2944 1659 2976 naves
1702 2926 1910 2977 invenit
1949 2926 2006 2977 in
2047 2927 2200 2989 mari,

275 3019 398 3052 cum
444 2999 636 3068 quibus
679 2998 892 3049 fortiter
945 2997 1237 3061 debellans,
1288 3016 1454 3048 unam
1500 2997 1641 3065 cepit
1658 3019 1672 3060 5
1718 2998 1899 3049 caeteri
1946 2998 2204 3066 fugerunt

275 3073 471 3124 timore
504 3070 783 3139 perculsi?

1080 3177 1396 3211 DCCCLXXVI.

384 3263 547 3314 Anno
577 3261 877 3312 Dominicae
909 3259 1295 3310 incarnationis
1331 3260 1648 3328 Dccc.lxxvj,
1687 3260 1985 3313 nativitatis
2025 3269 2205 3314 autem

276 3335 484 3387 Elfredi
532 3333 674 3400 regis
726 3332 888 3400 xxvij,
943 3331 1195 3398 praefatus
1240 3332 1504 3383 exercitus
1555 3339 1712 3383 nocte
1764 3333 1829 3384 de
1881 3334 2205 3386 Grantabric

279 3408 475 3468 exiens,
533 3405 814 3456 castellum
865 3404 1008 3471 quod
1059 3403 1255 3454 dicitur
1304 3404 1563 3455 VVerham
1617 3405 1856 3456 intravit.
1959 3406 2203 3458 Quorum

278 3479 519 3531 subitum
563 3477 851 3529 adventum
896 3493 988 3526 rex
1030 3476 1300 3526 Saxonum
1339 3493 1692 3543 praenoscenS‚
1731 3476 1904 3528 foedus
1956 3495 2078 3529 cum
2130 3479 2206 3529 eis

589 3640 659 3680 f
597 3589 853 3685 APhSiirand
872 3644 944 3685 the
964 3644 1049 3683 two
1066 3643 1295 3710 preceding
1314 3656 1351 3683 w
1355 3644 1449 3684 ords
1468 3657 1537 3684 are
1557 3644 1907 3685 int-eilineations.

594 3710 616 3734 8
646 3700 784 3740 Asser
