2384 4126
316 371 420 420 162
902 386 1159 420 HisromA
1200 386 1658 420 TRANSLATIONUM

315 511 516 564 caelesti
557 512 720 564 fidere
766 513 962 564 auxilio
1006 512 1319 580 comprobat
1360 512 1734 564 interficiendo
1754 534 1768 575 3
1811 512 1960 564 illinc
1996 514 2244 580 Paganus

315 602 476 652 quam
520 585 839 637 detestabile
891 586 960 636 sit
1011 585 1251 636 humana
1302 603 1625 651 praesumere
1677 585 1925 652 superbia
1975 586 2247 653 experitur

316 657 570 709 cadendo.
653 659 774 709 Hoc
815 657 997 725 itaque
1039 658 1221 725 praelio
1262 657 1463 724 absque
1496 657 1821 708 detrimento
1858 657 1942 708 sui
1982 658 2244 709 exercitus

316 729 578 793 confecto,
644 729 895 781 Elfredus
946 730 1114 781 totius
1168 729 1468 781 Britanniae
1519 729 1806 796 imperium
1857 729 2093 781 obtinuit
2113 751 2127 792 3
2194 737 2247 781 et

316 802 569 869 quoniam
599 802 770 853 sancti
792 802 1129 853 Confessoris
1154 808 1438 869 praecepta,
1461 820 1579 869 quae
1601 809 1907 869 susceperat
1927 802 1985 852 in
2004 803 2245 869 penuria,

314 874 628 926 memoriter
654 874 899 926 servabat
940 874 997 923 in
1034 873 1199 936 curia,
1240 873 1490 924 omnibus
1520 891 1729 941 semper
1755 880 1809 925 et
1834 874 2033 942 ubique
2062 875 2243 925 adver-

315 946 552 998 santium
581 946 860 1014 praevaluit
886 946 1273 997 moliminibus.

1246 1154 1324 1204 ΙΙ.

318 1269 599 1330 Quom0d0‚
628 1274 932 1335 tempestate
959 1273 1094 1330 orta,
1119 1273 1226 1319 tres
1251 1268 1402 1318 undoe
1433 1268 1489 1318 in
1514 1268 1688 1319 navi-m
1714 1268 1769 1318 in
1797 1285 1898 1334 qua
1926 1286 2113 1334 corpus
2140 1271 2250 1336 ejus

512 1342 869 1392 abducebatur
896 1341 1140 1391 cadentes
1166 1340 1222 1391 in
1247 1341 1551 1407 sanyuinem
1579 1341 2049 1392 convertebantur!

420 1469 525 1521 Per
571 1468 812 1537 ejusdem
865 1486 1076 1536 quoque
1127 1467 1515 1536 persecutionis
1559 1473 1820 1535 tempora,
1872 1468 2246 1520 intollerabilis

311 1541 591 1593 tribulatio
627 1540 1241 1592 Northanhumbrorum
1279 1540 1477 1591 finibus
1517 1540 1695 1591 subito
1737 1558 2032 1607 emergens,
2078 1543 2245 1593 eccle-

311 1614 414 1665 sias
443 1614 547 1666 Dei
573 1620 935 1681 tempestuoso
966 1613 1183 1664 turbine
1216 1613 1448 1680 graviter
1486 1612 1771 1664 concussit.
1849 1614 1998 1664 Tunc
2031 1614 2246 1680 quidem

310 1687 497 1754 magni
537 1686 617 1737 vir
647 1686 845 1749 meriti,
885 1686 1103 1737 nomine
1139 1685 1449 1748 Eardulfus,
1490 1685 1855 1753 episcopatum
1895 1685 2244 1754 Lindisphar-

309 1760 492 1810 nensis
519 1758 773 1821 ecclesiae,
816 1777 920 1826 qua
950 1765 1082 1808 tunc
1114 1758 1457 1809 beatissimus
1484 1758 1587 1808 Dei
1614 1758 1885 1808 confessor
1912 1758 2245 1809 Cuthbertus

312 1849 531 1899 corpore
559 1831 882 1898 quiescebat,
922 1830 1271 1897 probabiliter
1304 1848 1482 1881 coram
1511 1831 1627 1881 Deo
1654 1836 1707 1880 et
1735 1848 1914 1881 coram
1938 1830 2245 1882 hominibus

312 1903 648 1971 disponebat.
729 1903 836 1954 Hic
868 1903 1135 1953 dictorum
1177 1903 1419 1970 praedicti
1452 1902 1637 1970 patris,
1678 1920 1795 1969 quae
1821 1902 2013 1953 ultima
2038 1903 2151 1970 ipse
2179 1904 2245 1954 ab

310 1976 412 2027 hac
452 1976 564 2027 vita
607 1976 939 2043 migraturus
975 1975 1083 2025 suis
1117 1975 1531 2037 contradiderat,
1571 1974 1874 2038 recordans,
1915 1975 2032 2026 loco
2073 1976 2246 2043 magis

316 2049 503 2100 cedere
549 2066 710 2116 quam
744 2048 985 2115 reprobis
1026 2047 1181 2098 subdi
1222 2048 1401 2115 elegit.
1481 2047 1570 2097 Sic
1608 2047 1752 2098 enim
1790 2047 1922 2114 ipse,
1964 2047 2106 2098 inter
2147 2049 2251 2099 alia

313 2139 431 2188 quae
472 2121 538 2172 de
584 2120 948 2172 conservanda
989 2120 1132 2188 pacis
1177 2137 1237 2170 ac
1279 2119 1581 2170 dilectionis
1630 2119 1914 2170 concordia
1955 2120 2083 2170 satis
2117 2127 2249 2171 tunc

311 2194 520 2245 utiliter
547 2193 844 2256 admonuit,
884 2199 1108 2260 paterno
1135 2210 1282 2243 more
1310 2193 1419 2243 suis
1448 2191 1737 2254 consuluit,
1778 2192 1977 2254 dicens,
2020 2197 2052 2219 “
2075 2193 2132 2243 Si
2159 2211 2250 2244 vos

313 2271 347 2293 “
369 2284 541 2317 unum
568 2284 595 2317 e
622 2265 828 2317 duobus
857 2264 1088 2316 adversis
1115 2264 1312 2332 eligere
1338 2264 1627 2316 necessitas
1652 2264 1902 2331 coegerit,
1931 2265 2103 2315 multo
2129 2265 2251 2332 plus

315 2343 347 2366 “
370 2338 535 2405 diligo
569 2345 631 2389 ut
664 2344 912 2389 eruentes
946 2338 1012 2388 de
1053 2337 1266 2388 tumulo
1297 2337 1657 2403 tollentesque
1683 2336 1958 2387 vobiscum
1986 2355 2107 2388 mea
2132 2355 2252 2388 ossa

313 2416 349 2439 “
370 2410 632 2463 recedatis
662 2410 727 2461 ab
754 2410 837 2461 his
864 2410 1012 2473 10015,
1062 2416 1133 2473 et,
1177 2409 1504 2477 ubicumque
1531 2410 1679 2460 Deus
1707 2408 2019 2476 providerit,
2061 2409 2251 2461 incolae

315 2488 349 2512 “
370 2483 651 2546 maneatis,
693 2501 854 2550 quam
873 2489 937 2533 ut
968 2482 1079 2533 ulla
1104 2482 1312 2533 ratione
1340 2482 1736 2533 consentientes
1764 2481 2056 2548 iniquitati,
2086 2482 2251 2533 schis-

316 2561 350 2583 “
371 2556 693 2607 maticorum
715 2556 849 2623 jugo
876 2555 1015 2606 colla
1040 2554 1341 2605 subdatis.”

423 2629 556 2679 Erat
599 2646 810 2695 quoque
846 2634 977 2678 tunc
1005 2626 1165 2678 abbas
1194 2627 1430 2694 quidam,
1474 2625 1754 2677 Eadradus
1780 2625 2016 2688 nomine,
2057 2632 2110 2677 et
2142 2626 2253 2694 ipse

316 2701 456 2768 apud
484 2701 661 2751 Deum
691 2700 838 2750 mirae
865 2699 1186 2761 sanctitatis,
1229 2718 1327 2751 nec
1363 2698 1567 2766 exiguae
1604 2698 1743 2766 apud
1786 2698 2031 2749 homines
2057 2699 2251 2750 nobili-

313 2772 460 2835 tatis,
513 2772 607 2839 qui
652 2772 893 2839 ejusdem
936 2790 1060 2822 cum
1105 2771 1352 2839 episcopo
1398 2790 1524 2838 erga
1564 2770 1936 2822 beatissimum
1978 2771 2081 2822 Dei
2127 2789 2251 2822 con-

313 2845 570 2895 fessorem
616 2862 825 2911 semper
870 2843 1048 2895 extitit
1089 2843 1406 2894 devotionis.
1500 2843 1697 2910 Igitur,
1746 2842 1847 2893 hac
1887 2842 2253 2894 tribulationis

315 2935 445 2967 aura
482 2916 785 2978 intonante,
827 2916 1212 2982 ecclesiamque
1247 2915 1352 2966 Dei
1387 2915 1599 2966 fortiter
1631 2920 1934 2982 quassante,
1970 2916 2255 2966 memorati

315 2989 439 3051 duo,
481 2988 708 3055 sumptis
755 3005 936 3039 secum
976 2987 1240 3054 religiosae
1282 2986 1702 3038 conversationis
1749 2986 2068 3053 quibusdam
2116 2987 2250 3050 aliis,

312 3061 684 3127 incorruptum
711 3059 1001 3110 venerandi
1025 3059 1192 3126 patris
1221 3077 1411 3126 corpus
1437 3059 1502 3110 de
1531 3058 2012 3125 Lindispharnensi
2037 3077 2250 3110 monas-

313 3133 450 3184 terio
486 3132 819 3183 discedentes
861 3138 1284 3198 asportaverunt.
1367 3131 1487 3181 Hoc
1518 3130 1747 3197 populus
1773 3130 1941 3197 ipsius
1967 3137 2251 3197 postquam

314 3205 536 3266 audivit,
577 3204 826 3255 domibus
853 3221 977 3254 curn
1002 3210 1119 3254 tota
1145 3202 1468 3270 supellectili
1502 3202 1723 3265 relictis,
1765 3220 1886 3253 cum
1914 3203 2171 3253 uxoribus
2198 3211 2251 3254 et

310 3277 545 3345 parvulis
574 3276 831 3327 continuo
853 3275 1213 3342 subsequitur.
1293 3276 1391 3325 Est
1420 3274 1563 3326 enim
1585 3274 1728 3337 huic,
1757 3274 1868 3341 (qui
1888 3293 2013 3325 511115
2042 3276 2251 3343 proprie

312 3349 509 3401 dicitur
553 3348 796 3416 populus,
859 3348 1113 3414 quoniam
1166 3346 1382 3415 speciali
1435 3346 1667 3414 quadam
1720 3346 2019 3414 provisione
2072 3347 2138 3398 ab
2189 3366 2251 3398 00

394 3484 409 3501 ⁶
439 3476 530 3516 The
560 3474 812 3527 particulars
846 3474 892 3514 of
919 3474 1005 3514 this
1039 3473 1212 3514 miracle
1243 3487 1313 3514 are
1345 3473 1518 3514 derived
1546 3474 1656 3514 from
1686 3474 1760 3515 the
1792 3473 1988 3514 Historia
2014 3474 2065 3514 de
2096 3473 2251 3515 Sancto

311 3532 565 3581 Cuthberto,
595 3531 679 3571 and
707 3542 778 3571 are
807 3530 1065 3570 transferred
1093 3532 1140 3569 to
1170 3529 1391 3582 Symeon's
1412 3529 1594 3581 History
1615 3530 1661 3569 of
1686 3529 1759 3570 the
1786 3529 1962 3570 Church
1984 3529 2029 3570 of
2052 3529 2250 3570 Durham

313 3590 366 3637 (0.
389 3586 538 3639 xxvii).
598 3585 688 3626 The
708 3586 890 3626 account
910 3584 956 3625 of
971 3585 1044 3625 the
1065 3584 1144 3624 loss
1166 3586 1212 3625 of
1226 3585 1301 3625 the
1321 3598 1428 3637 copy
1449 3585 1495 3624 of
1509 3585 1584 3625 the
1605 3585 1794 3636 Gospels,
1814 3585 1898 3624 and
1918 3584 1974 3625 its
1993 3584 2251 3624 miraculous

309 3655 524 3694 recovery‚
545 3641 685 3682 which
704 3641 740 3681 is
762 3640 888 3692 given
908 3641 966 3692 by
986 3640 1171 3692 Symeon
1192 3639 1238 3679 in
1258 3640 1354 3680 that
1373 3641 1457 3679 and
1476 3640 1550 3680 the
1578 3640 1793 3691 following
1811 3639 1999 3691 chapter,
2021 3639 2055 3679 is
2081 3639 2251 3679 neither

310 3697 532 3738 furnished
551 3698 608 3749 by
628 3697 702 3737 the
723 3695 905 3747 History
926 3696 972 3736 of
998 3695 1057 3736 st.
1080 3695 1293 3736 Cuthbert
1314 3708 1393 3735 nor
1413 3695 1487 3735 the
1509 3696 1623 3735 work
1644 3695 1785 3735 before
1807 3707 1869 3735 115.
