2384 4126
317 382 424 431 254
1079 394 1357 428 APPENDIX
1397 394 1484 426 111.

317 523 468 574 illam
493 523 753 590 migrasse
778 522 1003 574 dubium
1029 539 1143 573 esse
1168 538 1279 572 non
1303 520 1513 571 debeat.
1603 519 1693 582 Et,
1733 518 1876 585 quod
1910 517 2107 568 mirum
2148 522 2247 579 est,

318 595 512 646 faciem
538 596 672 663 ejus,
713 613 833 662 quae
860 612 1006 645 more
1041 592 1391 644 morientium
1424 597 1542 642 tota
1566 591 1624 641 in
1650 597 1824 641 morte
1851 590 2130 656 palluerat,
2170 589 2248 639 ita

318 674 440 735 post
465 673 696 718 mortem
720 667 885 718 rubor
920 685 1043 718 cum
1079 665 1308 716 candore
1349 663 1644 731 permixtus
1678 662 2003 730 perfuderat,
2042 667 2105 711 ut
2138 678 2250 711 non

319 745 535 790 mortua
580 740 672 790 sed
722 739 992 790 dormiens
1043 737 1185 789 credi
1234 736 1535 804 potuisset.⁸
1627 735 1806 802 Igitur
1850 751 2040 800 corpus
2083 733 2251 799 ipsius

320 811 727 873 honorabiliter,
754 817 817 861 ut
841 810 1086 878 reginam
1112 809 1352 871 decebat,
1391 808 1714 869 involutum,
1744 807 1809 857 ad
1838 807 2048 856 Sanctae
2074 805 2249 855 Trini-

320 884 468 946 tatis,
513 902 674 950 quam
700 883 816 950 ipsa
843 887 1234 944 construxerat,
1278 880 1557 945 ecclesiam
1583 878 1976 946 deportavimus
1995 898 2009 939 3
2050 877 2252 943 ibique,

323 956 462 1007 sicut
502 956 618 1022 ipsa
646 955 898 1022 jusserat,
936 960 1124 1005 contra
1155 953 1321 1004 altare
1349 958 1402 1003 et
1429 957 1627 1002 sanctae
1655 950 1827 1001 crucis
1862 949 2023 1016 (quod
2052 949 2251 999 ibidem

324 1028 584 1094 erexerat)
619 1026 923 1078 venerabile
961 1026 1193 1093 signum,
1231 1025 1520 1093 sepulturae
1557 1022 1893 1073 tradidimus
1971 1022 2153 1087 Atque
2179 1021 2257 1071 ita

327 1117 518 1166 corpus
560 1099 674 1166 ejus
720 1098 824 1148 illo'
853 1098 911 1148 in
948 1098 1066 1148 loco
1106 1114 1252 1147 nunc
1295 1095 1602 1163 requiescit,
1643 1094 1737 1145 ubi
1775 1093 1911 1143 illud
1948 1093 2006 1142 in
2038 1092 2254 1159 vigiliis,

324 1170 655 1222 orationibus
671 1191 685 1232 3
725 1170 1085 1237 lacrymarum
1111 1168 1432 1230 fusionibus,
1476 1184 1713 1234 genuum
1744 1164 2078 1227 flexionibuS,
2121 1164 2253 1215 affii-

328 1260 453 1310 gere
481 1241 773 1293 consuevit.

431 1315 675 1380 Explicit
730 1314 1032 1365 Translatio
1080 1313 1287 1364 Sanctae
1333 1312 1659 1378 Margaretoe
1702 1310 1999 1361 Scottorum
2048 1309 2255 1376 reyince.

322 1387 520 1454 Incipit
534 1388 791 1453 prologus
816 1387 871 1437 in
907 1387 1030 1437 Vita
1060 1385 1247 1436 Sancti
1273 1384 1499 1435 Niniani
1525 1382 1769 1449 episcopi.

409 1566 421 1585 ⁸
451 1558 573 1600 Obiit
602 1558 718 1600 enim
747 1560 900 1610 quarto
930 1557 1027 1598 idus
1057 1556 1200 1608 Junii,
1230 1556 1339 1598 etin
1359 1556 1532 1598 ecclesia
1552 1555 1718 1597 Sanctae
1739 1554 1962 1595 Trinitatis
1984 1554 2148 1607 (quam)
2171 1554 2262 1606 ipsa

330 1617 626 1656 construxerat
657 1616 806 1654 contra
832 1614 963 1654 altare
995 1613 1198 1664 sepelitur
1220 1645 1228 1654 .
1252 1645 1260 1654 ,
1284 1645 1293 1654 .
1317 1645 1325 1653 .
1346 1615 1492 1653 autem
1517 1612 1656 1652 David
1682 1611 1794 1651 filius
1822 1610 1988 1651 Sanctae
2008 1610 2263 1662 Margaretae

330 1703 339 1712 .
364 1703 372 1711 .
396 1703 404 1711 .
427 1703 436 1711 .
457 1669 628 1722 Angliae
659 1668 842 1710 Henrici
870 1669 999 1720 primi
1028 1671 1269 1708 moraretur
1297 1671 1423 1708 nocte
1445 1700 1453 1708 .
1477 1700 1485 1708 .
1509 1700 1517 1708 .
1541 1700 1549 1709 .
1571 1670 1662 1708 tore
1691 1679 1768 1707 sua
1796 1666 1977 1706 Matilde
2005 1665 2153 1717 regina
2178 1678 2262 1717 qua

328 1725 487 1766 Mat..
511 1758 519 1766 .
543 1758 551 1766 .
575 1724 686 1775 (MS.
722 1724 894 1774 Cotton,
929 1724 1124 1764 Tiberius
1158 1723 1208 1763 E.
1244 1723 1271 1763 i.
1305 1723 1408 1763 here
1442 1723 1545 1763 ends
1579 1721 1813 1773 abruptly).
1872 1721 1962 1761 The
1990 1721 2126 1761 words
2154 1722 2263 1760 after

330 1782 539 1832 sepelitus,
571 1781 597 1798 ‘⁶
610 1779 764 1830 [Cum]
790 1781 934 1819 autem
953 1779 1092 1819 David
1112 1778 1268 1828 filius,''
1297 1780 1390 1827 eto,
1420 1790 1490 1818 are
1516 1778 1645 1817 taken
1665 1778 1723 1829 by
1743 1776 1959 1828 Oapgrave
1979 1776 2087 1815 from
2106 1778 2264 1815 Aeli-ed

332 1838 385 1888 of
407 1835 652 1875 Rievauzae's
678 1836 915 1886 Genealoyy
939 1836 991 1886 os
1012 1836 1079 1873 the
1107 1835 1244 1885 Kinys
1273 1835 1325 1885 of
1345 1834 1561 1884 Enyland.
1623 1832 1743 1884 They
1762 1843 1831 1872 are
1852 1832 1937 1871 also
1967 1831 2138 1882 printed
2157 1831 2264 1870 with

332 1890 463 1941 slight
483 1889 625 1930 verbal
645 1889 889 1929 alterations
909 1890 965 1940 by
986 1888 1150 1938 Surius,
1180 1888 1264 1928 and
1283 1888 1500 1939 reprinted
1519 1889 1575 1939 by
1595 1887 1848 1936 Pinkerton,
1886 1888 1991 1925 Vitae.
2015 1888 2264 1925 Sanctorum

333 1947 497 1994 scotice,
516 1958 558 1996 p.
579 1948 672 1985 383.
732 1944 822 1984 'Phe
842 1943 1056 1984 narrative
1072 1943 1105 1983 is
1120 1944 1205 1983 also
1220 1943 1368 1994 copied
1386 1944 1444 1995 by
1458 1942 1633 1983 Fordun
1657 1942 1701 1994 (l.
1723 1955 1776 1992 v.,
1797 1955 1831 1982 c.
1853 1943 1941 1993 40),
1962 1954 2005 1981 as
2024 1941 2079 1980 he
2098 1941 2264 1991 alleges,

332 2001 442 2040 from
463 2000 641 2051 Turgot,
661 2000 745 2039 and
764 1999 850 2039 will
868 2000 920 2039 be
937 1999 1071 2039 found
1090 2000 1286 2050 amongst
1301 1998 1374 2038 the
1391 2000 1574 2038 extracts
1589 1997 1778 2037 ascribed
1796 1999 1841 2036 to
1854 1997 2033 2049 Turgot,
2046 1995 2264 2048 reprinted

331 2055 441 2096 from
460 2055 535 2096 the
555 2054 901 2096 Scotichronicon
921 2054 968 2094 in
987 2055 1061 2095 the
1080 2055 1251 2106 present
1270 2053 1451 2095 volume.
1511 2053 1588 2094 See
1607 2053 1787 2093 Extract
1806 2051 1860 2093 X.
