2384 4126
329 390 399 438 20
946 405 1218 440 SYMEONIS
1260 406 1651 441 DUNELMENSIS

1194 551 1382 585 DCCLV.

437 639 599 689 Anno
640 639 816 691 Dcc,lv
861 639 1121 703 Cuthred,
1161 657 1253 691 rex
1294 639 1724 692 Occidentalium
1766 640 2059 703 Saxonum,
2099 638 2251 703 obiit,

327 712 479 779 cujus
504 711 658 778 regni
684 718 891 779 sceptra
919 711 1173 778 Sigberht
1201 711 1453 779 aeeepitf

1185 912 1398 947 DCCLVI.

439 1001 597 1052 Anno
634 1001 699 1052 ab
734 1001 1101 1052 incarnatione
1127 1001 1413 1053 Dominica
1444 1001 1636 1069 Doc,lvj
1667 1000 1943 1053 Eadberht
1977 1020 2088 1063 rex,
2127 1001 2248 1070 xviij

329 1090 469 1123 anno
503 1073 658 1140 regni
689 1073 787 1136 sui,
825 1080 878 1124 et
913 1074 1096 1124 Unust
1133 1091 1225 1124 rex
1259 1073 1534 1124 Pictorum
1570 1074 1837 1124 duxerunt
1865 1074 2153 1125 exereitum
2185 1075 2251 1124 ad

326 1144 515 1195 urbem
559 1145 832 1195 Alcluthst
921 1144 1114 1212 Ibique
1153 1145 1429 1196 Brittones
1462 1146 1520 1195 in
1555 1145 1882 1196 deditionem
1916 1153 2250 1212 receperunt,

324 1215 499 1283 prima
524 1216 609 1267 die
635 1216 834 1267 mensis
859 1216 1112 1283 Augusti.
1189 1216 1414 1267 Decima
1446 1222 1626 1268 autem
1658 1216 1742 1268 die
1778 1218 2017 1285 ejusdem
2052 1218 2252 1268 mensis

324 1287 533 1338 interiit
565 1288 828 1339 exercitus
858 1306 994 1354 pene
1025 1287 1200 1338 omnis
1232 1306 1390 1355 quem
1426 1288 1578 1340 duxit
1607 1288 1672 1339 de
1698 1289 1911 1340 Ouania
1937 1289 1999 1340 ad
2027 1290 2248 1340 Niwan-

322 1357 507 1426 birig,s²
532 1360 586 1410 id
614 1365 694 1411 est
721 1359 787 1410 ad
813 1360 1027 1410 Novam
1055 1360 1359 1411 Civitatem.

430 1431 638 1483 Eodem
684 1449 824 1483 anno
865 1431 1121 1483 Balthere
1167 1431 1490 1482 anachoritai
1514 1432 1655 1483 viam
1696 1438 2003 1484 sanctorum
2037 1438 2252 1501 patrum

324 1509 405 1554 est
437 1509 667 1567 secutus,
704 1503 987 1571 migrando
1024 1504 1090 1555 ad
1120 1504 1262 1555 Eum
1301 1504 1411 1556 Qui
1441 1522 1496 1555 se
1531 1504 1840 1555 reformavit
1867 1505 1933 1556 ad
1958 1506 2249 1573 imaginem

323 1575 448 1626 Filii
475 1576 588 1627 Sui.

432 1649 588 1699 Luna
629 1653 809 1699 autem
850 1665 918 1698 xv
956 1647 1249 1715 sanguineo
1282 1648 1476 1699 rubore
1513 1648 1834 1716 superducta
1872 1649 1961 1717 viij
1999 1650 2107 1701 kal.
2140 1651 2249 1702 De-

323 1720 570 1783 cembris,
610 1738 677 1770 xv
703 1725 879 1782 aetate,
917 1719 971 1770 id
1014 1726 1094 1771 est
1138 1720 1297 1787 plena
1336 1721 1481 1771 luna.
1561 1721 1755 1788 Sieque
1781 1722 2041 1788 paulatim
2068 1722 2248 1773 decre-

323 1792 594 1843 scentibus
635 1791 871 1843 tenebris
913 1792 980 1842 ad
1023 1792 1200 1843 lucem
1241 1792 1521 1860 pristinam
1563 1793 1821 1860 pervenit.
1897 1794 2043 1844 Nam
2088 1795 2248 1845 mira-

320 1864 503 1915 biliter
540 1864 711 1932 ipsam
755 1864 941 1915 lunam
986 1870 1241 1930 sequente
1285 1864 1465 1915 lucida
1509 1865 1665 1916 stella
1715 1871 1769 1916 et
1819 1872 2246 1933 pertranseunte,

319 1942 473 1987 tanto
519 1935 690 2003 spatio
741 1953 859 1987 eam
911 1936 1260 1988 antecedebat
1309 1936 1630 2000 illuminata,
1686 1945 1887 2004 quanto
1929 1938 2251 2006 sequebatur

322 2014 611 2078 antequam
638 2013 777 2060 esset
803 2007 1127 2059 obscurata]

1168 2204 1405 2239 DCCLVII.

426 2294 588 2343 Anno
628 2292 841 2360 Dec.lvij
887 2292 1203 2343 AEthelbald
1245 2311 1338 2345 rex
1379 2293 1711 2345 Mereiorum
1754 2313 1783 2345 a
1824 2295 1934 2346 suis
1978 2297 2249 2349 tutoribus

316 2365 687 2416 fraudulenter
729 2364 1044 2416 interfectus
1085 2371 1181 2416 est.
1259 2365 1466 2416 Eodem
1496 2384 1621 2417 vero
1663 2385 1803 2417 anno
1838 2368 2014 2419 Meroi
2044 2369 2247 2421 bellum

316 2438 458 2489 inter
502 2455 557 2489 se
603 2437 755 2489 civile
798 2437 1054 2489 inierunt.
1133 2437 1408 2489 Bearnred
1448 2438 1505 2488 in
1548 2438 1734 2506 fugam
1778 2457 1947 2503 vers0‚
1988 2441 2112 2492 Offa
2154 2460 2248 2494 rex

315 2510 485 2562 victor
511 2509 733 2561 extititJ‘

1151 2654 1416 2688 DCCLVIII.

437 2736 603 2788 Anno
671 2735 905 2802 Dcc.lviij
977 2735 1254 2787 Eadberht
1328 2754 1420 2787 rex
1489 2736 1986 2804 Northymbrorum
2056 2748 2243 2808 sponte

316 2808 546 2859 eontulit
586 2807 696 2858 filio
737 2824 833 2857 suo
867 2824 1096 2873 regnum
1137 2807 1239 2857 sibi
1275 2825 1305 2857 a
1331 2808 1447 2858 Deo
1475 2808 1748 2872 collatum,
1788 2811 2006 2862 nomine
2034 2813 2241 2878 Osulfo,

317 2880 409 2948 qui
451 2897 560 2930 uno
605 2896 745 2929 anno
789 2896 1017 2945 regnum
1056 2878 1252 2940 tenuit,
1293 2879 1488 2942 amisit,
1528 2880 1777 2946 perdidit.
1857 2882 1999 2935 Quia
2036 2886 2243 2938 occisus

394 3114 419 3139 ἔ
447 3105 736 3157 Erroneously
756 3104 928 3145 written
956 3106 1139 3145 Alewitlz
1172 3105 1218 3144 in
1246 3106 1320 3146 the
1350 3105 1444 3146 MS.
1506 3106 1804 3160 Immediately
1830 3108 1963 3149 below
1994 3109 2030 3149 is
2062 3110 2243 3151 another

314 3161 494 3202 mistake
527 3161 573 3200 in
603 3161 678 3201 the
709 3160 802 3200 MS.
834 3162 939 3207 text,
970 3160 1043 3200 the
1076 3160 1211 3200 words
1241 3162 1337 3200 inde
1367 3163 1639 3202 conditionem
1669 3163 1797 3215 being
1815 3164 1987 3205 written
2015 3164 2179 3206 instead
2198 3165 2245 3206 of

314 3218 360 3256 in
379 3217 639 3256 deditionem.
698 3215 788 3255 'Phe
808 3216 970 3255 correct
990 3215 1165 3267 reading
1184 3215 1218 3254 is
1238 3216 1479 3257 interlined.

398 3271 414 3295 Ι·
447 3272 711 3322 Niwanbirz'y
741 3270 776 3309 is
806 3282 861 3310 no
892 3270 1026 3310 doubt
1051 3269 1302 3322 Newburgh
1332 3284 1387 3311 on
1416 3272 1490 3312 the
1521 3272 1622 3324 Tay.
1681 3273 1818 3314 There
1844 3274 1879 3314 is
1899 3287 1924 3314 a
1943 3275 2062 3315 small
2081 3275 2174 3316 lake
2194 3275 2240 3315 in

316 3326 619 3375 Glen-Turret,
649 3325 696 3365 in
715 3325 789 3365 the
807 3324 950 3376 parish
970 3325 1016 3365 of
1041 3324 1285 3365 Monivaird
1304 3326 1349 3365 in
1371 3326 1660 3376 Strathearne,
1683 3327 1944 3376 Perthsfflre,
1974 3330 2104 3370 called
2124 3330 2243 3371 Looh

314 3381 454 3429 Ouan.
489 3380 628 3421 which
654 3393 752 3432 may
784 3380 836 3420 be
864 3380 938 3420 the
973 3379 1140 3420 Ouania
1160 3380 1205 3420 of
1230 3380 1304 3421 the
1337 3383 1442 3429 text,
1472 3395 1515 3421 as
1545 3382 1581 3422 it
1613 3382 1688 3423 lies
1714 3396 1770 3423 on
1795 3397 1820 3423 a
1846 3384 2098 3435 praetioable
2117 3389 2241 3426 route

313 3438 503 3477 between
523 3436 597 3476 the
617 3434 749 3486 Clyde
768 3435 852 3475 and
871 3435 945 3475 the
966 3435 1067 3486 Tay.
1128 3434 1231 3474 This
1245 3436 1362 3475 word
1377 3436 1451 3476 has
1466 3437 1571 3477 been
1591 3437 1761 3488 printed
1788 3440 1946 3479 Ouoma
1965 3440 2021 3491 by
2039 3440 2246 3492 Twysden

313 3492 398 3532 and
418 3491 573 3531 Petrie.
633 3489 842 3530 Hoveden
861 3489 936 3529 has
962 3491 1136 3537 Ouasma,
1166 3502 1213 3529 or
1233 3490 1378 3530 rather
1408 3492 1640 3542 Deouama,
1669 3492 1727 3544 by
1746 3493 1938 3546 running
1963 3495 2037 3535 the
2056 3495 2243 3547 preposi-

313 3548 404 3588 tion
425 3546 517 3586 into
536 3546 610 3586 the
630 3557 784 3597 proper
805 3557 942 3585 name,

397 3602 406 3625 ἰ
439 3606 465 3624 “
481 3601 537 3641 In
558 3600 886 3652 Tiningaham.”
938 3601 1124 3653 Symeon,
1145 3600 1260 3639 Hist.
1281 3601 1477 3640 Eeclesiae
1497 3602 1690 3641 Dunelm.

391 3658 407 3690 J
438 3656 497 3696 N.
520 3656 573 3696 A,
595 3655 736 3696 notice
756 3654 841 3695 this
861 3654 1036 3706 eclipse3
1065 3654 1150 3695 also
1171 3667 1250 3695 one
1271 3655 1317 3694 of
1341 3655 1416 3695 the
1436 3668 1516 3695 sun
1536 3656 1611 3696 the
1631 3669 1742 3697 same
1763 3658 1928 3698 month.

398 3712 414 3737 ἢ
445 3711 503 3752 N.
526 3712 599 3760 A.5
619 3710 659 3751 S.
683 3710 729 3750 C.
