2384 4126
711 368 978 402 HIsroRIAE
1019 368 1405 402 COerNUATm.
1944 357 2012 405 97

102 512 332 560 namque
370 494 759 545 ordinationem
795 500 848 545 et
883 493 1269 561 subjectionem
1306 493 1549 560 primatis
1578 495 1886 545 Scottorum
1912 495 2014 547 sibi

105 583 168 615 ex
207 565 436 632 quodam
477 566 629 633 quasi
667 566 788 633 jure
829 565 1011 632 exigit,
1051 565 1155 616 ista
1197 583 1321 616 vero
1367 583 1394 616 e
1435 565 1642 617 diverso
1682 566 1908 616 affirmat
1949 585 2013 617 ex

102 637 252 687 nullo
274 637 607 704 antiquitatis
629 638 712 688 vel
739 637 1142 688 consuetudinis
1163 638 1288 705 jure
1310 637 1510 704 aliquid
1537 655 1592 688 se
1618 637 1827 688 debere.
1907 638 2013 689 Sed

104 726 172 759 ne
212 708 411 759 diutius
451 716 661 776 pastore
697 709 958 777 [viduata]
994 709 1267 760 vacillaret
1307 708 1547 771 ecclesia,
1586 715 1804 775 rogatus
1834 727 1864 759 a
1888 727 2012 775 rege

105 780 430 842 Scottorum,
469 799 560 831 rex
604 780 873 832 Henricus
914 780 1179 847 praecepit,
1225 786 1286 831 ut
1330 780 1682 831 Eboracensis
1727 780 2011 847 archiepis-

104 869 282 918 copus,
329 853 558 903 Thomas
592 852 793 920 junior,
843 852 988 902 hunc
1032 852 1145 903 sine
1189 852 1301 902 ulla
1345 852 1691 919 subjectionis
1738 852 2013 903 exactione

104 930 452 987 consecraret,
493 924 636 974 salva
662 923 941 991 utriusque
968 923 1202 975 ecclesiae
1230 924 1565 986 auctoritate,
1605 930 1667 973 ut
1693 930 1874 990 postea
1902 923 2011 986 ubi,

104 1001 157 1045 et
199 995 427 1062 quando,
468 1002 521 1046 et
561 1015 590 1046 a
627 996 820 1063 quibus
857 995 994 1046 ratio
1033 996 1350 1062 exigeretur,
1392 995 1604 1047 debitus
1643 995 1762 1045 finis
1801 1002 2011 1046 contro-

102 1068 326 1118 versiam
370 1067 649 1134 utriusque
692 1068 857 1134 partis
902 1067 1190 1118 dirimeret.
1267 1067 1503 1118 Veniens
1550 1085 1676 1134 ergo
1715 1067 1791 1118 sic
1830 1084 2011 1118 conse-

104 1145 280 1189 cratus
327 1139 581 1201 Scotiam,
634 1157 754 1190 cum
800 1139 972 1190 causis
1022 1139 1416 1206 emergentibus
1469 1139 1628 1206 digne
1677 1157 1787 1190 non
1836 1145 2014 1206 posset

105 1210 398 1277 episcopale
429 1211 661 1261 officium
698 1229 956 1273 exercere,
998 1211 1226 1261 Romam
1252 1211 1329 1262 ire
1356 1211 1633 1278 disposuit,
1673 1211 1766 1261 ubi
1793 1210 2014 1262 consilio

105 1289 159 1332 et
179 1282 381 1349 judicio
409 1283 611 1333 domini
637 1301 784 1350 papae
810 1282 1080 1333 Paschalis
1108 1283 1272 1333 vitam
1309 1301 1461 1333 suam
1492 1283 1828 1349 transigeret.
1909 1283 2015 1333 Sed

104 1372 172 1404 ne
216 1354 269 1404 id
313 1354 378 1404 ad
421 1355 668 1405 effectum
709 1355 1037 1422 perduceret,
1077 1354 1525 1405 invalescentibus
1568 1354 1709 1405 inter
1747 1354 1922 1421 ipsum
1962 1361 2016 1405 et

105 1443 285 1491 regem
331 1426 521 1488 causis,
562 1444 667 1493 prae
708 1426 955 1493 angustia
993 1425 1209 1492 spiritus
1255 1426 1451 1477 decidit
1488 1426 1546 1476 in
1584 1426 2011 1477 melancholiam.

108 1497 267 1548 Unde
312 1504 528 1564 accepta
570 1498 786 1548 licentia
822 1498 1123 1548 remorandi
1163 1498 1229 1548 ad
1258 1504 1470 1564 tempus
1508 1498 1766 1548 Dunelmi
1802 1504 2018 1565 propter

105 1568 491 1632 infirmitatem,
518 1569 700 1636 vigilia
726 1570 1106 1636 Apostolorum
1133 1569 1281 1619 Petri
1305 1575 1358 1620 et
1386 1569 1541 1619 Pauli
1566 1569 1711 1620 venit
1738 1570 1804 1620 ad
1830 1570 2015 1620 VVere-

106 1640 367 1703 mutham,
413 1641 507 1691 ubi
547 1641 815 1707 quondam
861 1640 926 1691 ab
969 1640 1216 1691 Aldwino
1260 1640 1505 1691 habitum
1542 1640 1793 1691 monachi
1842 1659 2016 1692 susce-

105 1718 255 1778 perat
271 1733 285 1773 3
344 1712 436 1762 ubi
481 1730 653 1774 mane,
706 1718 768 1762 ut
817 1718 1044 1779 poterat,
1096 1712 1257 1762 missa
1306 1712 1588 1773 celebrata,
1642 1712 1706 1763 ad
1759 1713 2018 1764 Sanctum

106 1783 465 1834 Cuthbertum
514 1783 883 1850 proficiscitur,
947 1783 1126 1850 ibique
1176 1784 1233 1833 in
1282 1783 1483 1834 lectum
1538 1784 1803 1846 decidens,
1860 1784 2019 1835 modo

105 1855 282 1916 lentis,
321 1855 479 1905 modo
520 1855 699 1906 nimiis
733 1861 1065 1923 praeparatur
1098 1855 1336 1906 febribus
1367 1856 1433 1906 ad
1458 1856 1678 1919 exitum,
1718 1862 1771 1907 et
1798 1856 1899 1906 hoc
1925 1874 2021 1923 per

106 1927 237 1977 duos
277 1945 484 1977 menses
528 1934 580 1978 et
625 1935 855 1995 quatuor
894 1927 1045 1978 dies.''
1134 1928 1381 1979 Instante
1423 1934 1602 1978 autem
1647 1928 1778 1979 hora
1827 1928 2018 1990 exitus,

107 2016 228 2049 cum
270 1998 487 2061 diceret,
527 1999 664 2050 sicut
708 2006 934 2067 poterat,
981 1999 1198 2062 orando,
1243 2001 1308 2050 In
1341 2017 1478 2065 pace
1515 1999 1702 2065 factus
1752 2006 1830 2051 est
1880 2002 2021 2051 locus

105 2072 214 2136 ejus
255 2076 304 2122 et
342 2072 598 2123 habitatio
626 2073 735 2138 ejus
775 2073 831 2122 in
859 2072 1032 2138 Syon;
1075 2077 1128 2122 et
1154 2072 1394 2122 Laudate
1420 2073 1700 2122 Dominum
1726 2073 1781 2123 in
1809 2073 2022 2124 Sanctis·

105 2143 278 2208 Ejus‚⁸
315 2143 458 2193 intra
500 2162 689 2194 manus
730 2143 959 2193 fratrum
1001 2160 1219 2193 suorum
1262 2143 1494 2193 animam
1531 2143 1797 2194 exhalavit
1836 2143 1871 2210 ij
1909 2144 2017 2194 kal.

107 2214 326 2281 Aprilis,
365 2214 498 2265 feria
541 2216 737 2277 tertias
788 2215 919 2266 hora
967 2214 1145 2277 tertia,
1191 2232 1331 2264 anno
1383 2215 1718 2281 episcopatus
1769 2215 1882 2282 ejus
1928 2215 2017 2283 viij

106 2292 377 2336 transacto
414 2293 466 2336 et
507 2287 713 2337 duobus
750 2286 1021 2337 mensibus
1050 2292 1102 2336 et
1130 2304 1161 2335 x
1188 2286 1392 2348 diebus,
1431 2286 1717 2353 impetrato
1744 2304 1964 2338 munere
1993 2305 2023 2337 a

109 2359 223 2409 Deo
267 2358 409 2425 quod
450 2358 633 2409 sedulo
664 2364 958 2425 rogaverat,
997 2364 1059 2407 ut
1099 2357 1238 2424 apud
1270 2375 1481 2408 sacrum
1516 2358 1801 2409 Cuthberti
1833 2376 2021 2425 corpus

109 2430 343 2480 animam
387 2430 647 2481 redderet.
745 2430 998 2497 Sepultus
1040 2436 1120 2480 est
1172 2436 1352 2479 autem
1401 2429 1458 2479 in
1510 2430 1760 2496 capitulo.
1853 2430 2023 2498 Cujus

109 2520 298 2568 corpus
316 2501 694 2568 interpositum
721 2519 909 2568 corpus
930 2500 1201 2551 Walcheri
1227 2501 1460 2568 episcopi
1485 2501 1647 2552 habet
1668 2502 1734 2552 ad
1761 2509 2021 2564 austrum,

109 2573 371 2624 Willelmi
405 2573 637 2640 episcopi
672 2574 738 2624 ad
777 2573 1095 2640 aquilonem.
1175 2572 1324 2623 Obiit
1365 2579 1544 2624 autem
1573 2591 1713 2624 anno
1740 2573 1806 2624 ab
1834 2574 2018 2624 Incar-

107 2645 325 2695 natione
352 2645 636 2696 Dominica
663 2663 860 2696 M.c.xv.

220 2717 322 2766 His
349 2734 443 2784 per
469 2734 743 2768 excessum
770 2716 924 2768 dictis
951 2722 1248 2767 revertatur
1283 2716 1348 2767 ad
1384 2716 1625 2767 ordinem
1656 2716 2023 2768 intermissum

108 2789 279 2839 stilus.

190 2969 204 2986 ²'
233 2963 370 3014 Hugh
401 2964 474 3004 the
508 2964 699 3004 Chantor
725 2964 937 3004 mentions
956 2977 980 3004 a
999 2964 1099 3004 visit
1119 2964 1256 3004 which
1278 2964 1508 3013 Thurstan,
1539 2962 1789 3014 archbishop
1817 2963 1863 3003 of
1889 2964 2022 3015 York‚

106 3017 204 3069 paid
223 3021 266 3058 to
287 3018 450 3070 Turgot
469 3032 523 3058 on
543 3019 611 3058 his
630 3019 869 3060 death-bed.
929 3019 1005 3060 See
1023 3019 1140 3059 Fasti
1160 3019 1302 3069 Ebor.,
1324 3019 1365 3068 i.,
1387 3018 1479 3061 172.

189 3079 201 3096 ⁸
229 3073 370 3113 Psalm
389 3073 503 3113 lxxv.
526 3077 576 3123 33
605 3074 655 3114 cl.
673 3077 710 3114 1.
1223 3089 1226 3091 “

191 3131 202 3152 ²
232 3128 287 3167 In
321 3141 345 3167 a
377 3128 502 3168 letter
536 3129 643 3168 from
674 3128 926 3178 Alexander,
956 3128 1062 3180 king
1088 3129 1135 3168 of
1160 3129 1371 3177 Scotland‚
1400 3130 1445 3168 to
1468 3128 1542 3167 the
1570 3127 1822 3179 archhishop
1842 3129 1888 3168 of
1914 3128 2024 3169 Can-

107 3184 296 3235 terbury,
326 3182 602 3235 announcing
632 3184 705 3223 the
735 3184 862 3223 death
892 3184 938 3223 of
963 3184 1139 3235 Turgot,
1169 3185 1252 3223 and
1271 3184 1422 3234 asking
1441 3182 1585 3223 advice
1605 3195 1649 3222 as
1669 3185 1713 3222 to
1734 3183 1807 3223 the
1827 3184 2023 3235 appoint-

107 3241 226 3277 ment
246 3238 291 3278 of
317 3251 341 3277 a
361 3250 583 3288 successor,
612 3238 666 3278 he
697 3251 803 3291 says,
833 3241 857 3257 “
876 3242 927 3278 11
948 3239 1004 3279 kl.
1027 3238 1259 3289 Septembr.
1289 3237 1489 3289 migravit
1517 3251 1541 3277 a
1568 3237 1733 3287 saeculo,
1763 3239 1878 3278 unde
1903 3239 2023 3279 valde

109 3292 424 3341 contristamur,
452 3295 573 3332 tanto
607 3293 754 3332 solatio
785 3293 1020 3334 destituti.''
1079 3293 1181 3333 This
1212 3293 1307 3333 date
1338 3292 1480 3332 differs
1502 3293 1558 3343 by
1579 3304 1692 3332 some
1718 3293 1891 3332 months
1914 3294 2023 3333 from

108 3349 204 3388 that
224 3346 349 3398 given
369 3347 414 3385 in
433 3347 506 3386 the
526 3350 627 3387 text.
686 3348 776 3388 The
796 3348 1035 3399 expression
1050 3348 1096 3388 of
1112 3361 1266 3388 sorrow
1285 3348 1384 3397 also,
1404 3347 1652 3399 apparently
1667 3346 1838 3396 sincere,
1858 3348 2024 3387 evinces

109 3415 133 3441 a
166 3403 302 3441 better
340 3401 497 3452 feeling
530 3402 634 3441 than
669 3402 704 3441 is
741 3403 842 3443 here
875 3404 1144 3454 represented
1182 3404 1370 3443 between
1409 3403 1482 3443 the
1516 3402 1622 3452 king
1654 3402 1739 3441 and
1772 3401 1837 3440 his
1874 3402 2022 3452 bishop

93 3457 327 3506 .(Eadmer,
355 3469 394 3506 p.
410 3455 523 3505 117).
582 3456 626 3495 It
645 3456 679 3496 is
698 3458 958 3498 remarkable
977 3459 1073 3497 that
1090 3458 1207 3498 there
1226 3458 1261 3497 is
1281 3470 1336 3497 no
1356 3457 1568 3497 reference
1588 3456 1635 3495 in
1656 3456 1728 3495 the
1747 3456 1863 3495 work
1884 3456 2022 3496 before

109 3525 160 3551 us
179 3515 223 3550 to
243 3511 316 3550 the
335 3510 547 3550 residence
567 3512 613 3550 of
636 3511 831 3552 Aldwine
850 3513 935 3552 and
955 3513 1119 3563 Turgot
1139 3516 1183 3551 at
1203 3512 1399 3561 Melrose,
1422 3512 1506 3551 and.
1525 3513 1569 3550 to
1595 3510 1708 3550 their
1726 3510 1772 3549 ill
1791 3511 2023 3550 treatment

110 3567 164 3617 by
184 3565 289 3616 king
309 3564 522 3614 Malcolm,
551 3578 594 3605 as
614 3566 794 3607 detailed
813 3567 858 3607 in
879 3568 953 3608 the
975 3567 1154 3619 History
1174 3567 1220 3607 of
1245 3568 1318 3607 the
1339 3566 1511 3607 Church
1532 3565 1578 3605 of
1602 3564 1809 3604 Durham.

1697 3723 1732 3755 H
