2384 4126
293 427 395 475 130
906 443 1178 478 sYMEONIs
1221 444 1613 478 DUNELMENs1s

1108 608 1381 643 MCXXVIII.

400 703 563 755 Anno
591 703 846 772 M.cxxviij
876 708 1087 755 mutata
1126 709 1207 755 est
1249 703 1464 755 abbatia
1504 704 1568 755 de
1605 703 1945 755 Selechirche
1982 702 2047 754 ad
2085 701 2215 753 Kel-

292 774 431 826 chou
450 776 609 843 juxta
635 775 999 838 Rochesburc,
1040 782 1094 827 et
1127 775 1354 827 fundata
1393 782 1473 827 est
1515 775 1738 828 ecclesia
1775 777 1988 827 Sanctae
2022 773 2215 826 Mariae

289 847 559 914 praedictis
623 847 898 899 monachis
960 847 1360 911 TironensibUS,
1415 848 1511 899 ubi
1561 866 1679 899 eam
1728 848 1847 915 pius
1896 865 1987 899 rex
2038 844 2216 897 David

293 919 501 986 magnis
526 919 839 971 muneribus
866 918 1072 982 ditavit,
1102 919 1287 970 multis
1312 920 1642 971 ornamentis
1668 920 1893 983 ornavit,
1921 918 2132 987 praediis
2160 923 2213 968 et

289 991 715 1058 possessionibus
742 991 934 1058 amplis
958 990 1214 1042 nobiliter
1240 991 1482 1042 dotavit.⁶

400 1064 516 1114 Rex
534 1063 839 1129 Anglorum
868 1062 1139 1113 Henricus
1164 1062 1341 1113 tenuit
1362 1063 1564 1114 curiam
1591 1081 1744 1114 suam
1771 1063 1911 1130 apud
1927 1062 2210 1113 Windere-

289 1151 465 1185 soram
502 1134 559 1184 in
595 1133 897 1185 Nativitate
936 1133 1176 1185 Domini.
1252 1134 1487 1185 Transiit
1526 1134 1651 1186 inde
1695 1134 2056 1196 Lundoniam,
2101 1133 2212 1195 ubi,

287 1205 346 1256 in
381 1205 800 1257 Circumcisione
839 1205 1079 1268 Domini,
1117 1204 1343 1273 jubente
1373 1205 1486 1269 illo,
1527 1206 1927 1273 archiepiscopi,
1962 1205 2212 1272 episcopi,

288 1276 526 1340 abbates,
572 1294 771 1344 rexque
814 1277 1125 1328 Scottorum
1170 1277 1364 1340 David,
1417 1277 1640 1330 comites
1681 1283 1735 1329 et
1777 1277 2006 1329 barones
2045 1277 2214 1327 totius

285 1349 500 1416 Angliae
520 1349 858 1417 juraverunt,
879 1354 959 1412 ut,
985 1349 1110 1400 filiae
1130 1366 1240 1401 suae
1259 1349 1598 1417 Imperatrici
1617 1349 1720 1400 fide
1736 1356 1960 1412 servata,
1986 1366 2214 1416 regnum

285 1421 500 1488 Angliae
533 1421 871 1473 haereditario
906 1421 1029 1489 jure
1063 1426 1184 1488 post
1223 1439 1347 1472 eum
1383 1427 1672 1485 servarent,
1713 1421 1819 1471 nisi
1843 1421 1956 1489 ipse
1982 1421 2215 1471 moriens

284 1493 458 1544 filium
497 1493 561 1544 de
598 1493 842 1561 legitimo
879 1492 1223 1545 matrimonio
1262 1492 1345 1544 sui
1383 1493 1649 1545 haeredem
1686 1493 2028 1560 relinqueret.
2107 1494 2212 1544 Re-

285 1565 425 1631 ginae
452 1583 661 1633 quoque
693 1566 1031 1633 juraverunt,
1072 1571 1135 1616 ut
1169 1583 1500 1633 quaecunque
1540 1584 1634 1617 rex
1671 1565 1752 1616 illi
1791 1565 2057 1628 donasset,
2096 1570 2214 1615 rata

285 1655 496 1704 semper
522 1638 853 1689 custodirent
880 1655 940 1688 ac
966 1637 1270 1689 immutata.

394 1709 554 1761 Carlo
599 1727 777 1761 comes
822 1709 1166 1760 Flandrensis
1215 1709 1273 1759 in
1319 1709 1760 1777 Quadragesima,
1812 1710 1941 1761 dum
1992 1708 2210 1760 missam

286 1780 508 1833 audiens
536 1781 594 1831 in
619 1781 860 1833 oratione
886 1780 1281 1849 procumberet,
1310 1781 1704 1833 circumventus
1740 1781 1806 1833 ab
1831 1781 2212 1832 insidiantibus

283 1859 456 1904 morte
494 1859 794 1920 praeventus
822 1859 919 1916 est,
962 1858 1249 1920 antequam
1290 1859 1521 1905 mortem
1545 1853 1837 1905 inferentes
1867 1871 2024 1904 nosse
2064 1859 2212 1920 pote-

282 1930 383 1976 rat.
463 1925 567 1976 Cui
591 1924 864 1976 fratruelis
889 1924 1031 1992 regis
1058 1924 1285 1976 Henrici
1311 1925 1635 1988 Willelmus,
1668 1925 1810 1976 filius
1837 1925 2039 1977 scilicet
2067 1925 2211 1976 Rod-

282 1996 423 2048 berti
447 1996 628 2048 fratris
655 1997 788 2065 ejus,
809 1997 868 2046 in
887 1996 1174 2048 comitatus
1198 1997 1460 2049 honorem
1481 1997 1751 2060 successit,
1774 1996 2048 2048 Ludowici
2072 1997 2215 2064 regis

286 2069 616 2121 Francorum
667 2069 881 2136 adjutus
932 2087 1092 2136 quam
1147 2069 1382 2120 maximo
1446 2069 1659 2121 auxilio.
1759 2070 1940 2120 Antea
1998 2068 2213 2136 quidem

284 2140 451 2192 Fulco
478 2140 950 2208 Andegavensium
976 2157 1153 2192 comes
1178 2141 1430 2208 praedicto
1465 2141 1653 2209 juveni
1678 2159 1831 2192 suam
1865 2141 2213 2208 desponsave-

283 2218 368 2263 rat
393 2212 579 2275 filiam,
608 2212 701 2264 sed
726 2219 943 2280 propter
968 2213 1493 2279 consanguinitatem
1527 2231 1687 2280 quam
1721 2231 1813 2264 rex
1841 2213 2111 2265 Henricus
2138 2213 2214 2263 eis

283 2285 458 2336 inesse
493 2284 664 2352 jurari
709 2285 926 2347 fecerat,
980 2284 1207 2335 divortio
1256 2285 1416 2348 factO,
1468 2285 1751 2336 timentem
1801 2285 2022 2335 insidias
2070 2284 2213 2352 regis

282 2356 608 2424 Anglorum,
631 2356 809 2424 patrui
829 2356 1030 2408 scilicet
1051 2356 1151 2419 sui,
1166 2356 1421 2424 juvenem
1440 2375 1532 2408 rex
1549 2358 1880 2408 Francorum
1900 2356 2212 2424 suscipiens,

284 2428 411 2479 data
436 2429 539 2479 sibi
573 2429 631 2479 in
666 2428 980 2496 conjugium
1022 2446 1201 2479 sorore
1237 2429 1439 2496 reginae
1475 2429 1734 2480 affinitate
1770 2429 1871 2480 sibi
1912 2428 2210 2492 associavit,

284 2505 338 2551 et
374 2500 441 2551 ob
482 2501 537 2551 id
574 2501 633 2551 in
677 2500 993 2568 praedictum
1035 2500 1352 2552 comitatum
1398 2501 1635 2563 sustulit,
1672 2502 1796 2569 jure
1840 2501 1940 2552 sibi
1985 2519 2015 2551 a
2058 2507 2210 2568 parte

283 2573 470 2623 matris
496 2578 732 2640 paternae
760 2572 1098 2624 attinentem.
1178 2573 1455 2640 Siquidem
1483 2573 1765 2637 Baldwini,
1800 2573 2211 2624 Flandrensium

286 2644 497 2695 comitis
543 2645 727 2707 filiam,
768 2662 861 2695 rex
901 2644 1209 2695 Willelmus
1252 2646 1495 2708 duxerat,
1538 2663 1602 2696 ex
1643 2664 1748 2712 qua
1780 2645 2117 2696 Willelmum
2156 2651 2210 2696 et

285 2716 588 2767 Henricum
625 2734 778 2783 reges
819 2717 1133 2783 procreavit,
1174 2723 1228 2768 et
1274 2717 1609 2768 Rodbertum
1649 2717 1900 2768 comitem
1934 2718 2206 2768 Norman-

283 2804 495 2850 norum,
535 2788 689 2855 cujus
723 2788 863 2838 filius
905 2794 1018 2839 erat
1059 2788 1367 2839 VVillelmus
1411 2789 1716 2856 praedictus.
1794 2789 1911 2840 Rex
1939 2789 2209 2840 Henricus

283 2858 567 2909 intendens
594 2859 835 2910 animum
870 2860 937 2910 ad
972 2860 1326 2910 obtinendum
1366 2860 1683 2911 comitatum
1722 2860 2024 2927 praefatum,
2057 2860 2211 2927 quasi

283 2930 624 2982 haereditario
652 2931 754 2981 sibi
775 2932 897 2998 jure
923 2931 1182 2994 debitum,
1226 2950 1257 2982 a
1281 2938 1493 2998 nepote,
1536 2932 1675 2982 sicut
1695 2932 1810 2999 jam
1837 2931 2087 2994 diximus,
2128 2939 2208 2983 est

282 3008 601 3069 praeventus.
681 3002 861 3054 Quare
900 3020 967 3053 ne
1012 3002 1140 3070 quid
1180 3003 1383 3054 adversi
1421 3022 1484 3054 ex
1518 3009 1714 3070 nepote
1750 3003 1851 3054 sibi
1889 3003 2206 3066 aboriretur,

283 3073 494 3124 comitis
544 3074 1034 3140 Andegavensium,
1100 3074 1186 3125 cui
1235 3074 1381 3141 prius
1430 3075 1605 3126 fuerat
1655 3074 1923 3138 inimicus,
1988 3076 2209 3143 expetiit

285 3145 563 3208 amicitiaS,
593 3145 809 3212 cupiens
844 3146 1011 3196 filiam
1037 3164 1189 3196 suam
1216 3146 1487 3212 quondam
1523 3146 1928 3214 Imperatricem
1954 3147 2064 3198 filio
2092 3148 2207 3215 ejus

281 3217 626 3268 matrimonio
645 3218 892 3285 jungere.
971 3217 1131 3269 Quod
1154 3217 1247 3268 ubi
1273 3217 1491 3269 tandem
1517 3219 1760 3286 utrisque
1781 3219 2207 3286 complacuisset,

282 3289 614 3357 praemissam
664 3289 830 3339 filiam
880 3288 938 3339 in
987 3289 1384 3340 Normanniam
1426 3290 1557 3357 ipse,
1603 3290 1764 3357 paulo
1804 3297 1943 3358 post,
1986 3291 2055 3359 vij
2096 3292 2204 3342 kal.

284 3360 632 3428 Septembris,
679 3360 994 3412 subsecutus
1036 3367 1133 3424 est,
1175 3379 1395 3428 remque
1441 3362 1507 3412 ad
1548 3362 1798 3414 effectum
1838 3363 2103 3430 perduxit,
2144 3381 2207 3414 eo

280 3439 485 3496 tenore,
505 3439 568 3483 ut
586 3433 718 3500 regi,
736 3433 802 3484 de
818 3432 1061 3499 legitima
1077 3433 1304 3501 conjuge
1324 3434 1586 3485 haeredem
1603 3452 1711 3485 non
1732 3434 1972 3498 habenti,
1993 3441 2207 3486 mortuo

282 3524 448 3573 gener
472 3505 617 3556 illius
644 3505 702 3555 in
727 3522 955 3572 regnum
983 3505 1306 3557 succederet.

363 3694 378 3710 ²
408 3686 511 3781 Tlhis
529 3688 756 3781 dsentence,
788 3685 1015 3738 excepting
1046 3687 1119 3726 the
1151 3686 1260 3737 dat-e,
1292 3687 1326 3727 is
1353 3688 1487 3728 added
1520 3689 1562 3728 at
1598 3689 1671 3728 the
1704 3688 1791 3728 foot
1820 3688 1866 3727 of
1891 3688 1965 3728 the
1993 3699 2100 3739 page
2119 3686 2165 3726 in
2186 3699 2208 3725 a

279 3754 419 3782 coarse
472 3755 525 3782 an
560 3775 566 3783 .
