<?xml version="1.0" encoding="UTF-8"?>
<!DOCTYPE html PUBLIC "-//W3C//DTD XHTML 1.0 Transitional//EN"
    "http://www.w3.org/TR/xhtml1/DTD/xhtml1-transitional.dtd">
<html xmlns="http://www.w3.org/1999/xhtml" xml:lang="en" lang="en">
 <head>
  <title>
</title>
<meta http-equiv="Content-Type" content="text/html;charset=utf-8" />
  <meta name='ocr-system' content='tesseract 3.04.00' />
  <meta name='ocr-capabilities' content='ocr_page ocr_carea ocr_par ocr_line ocrx_word'/>
</head>
<body>
  <div class='ocr_page' id='page_1' title='image "./operacollect00simerich_0215.png"; bbox 0 0 2384 4126; ppageno 0'>
   <div class='ocr_carea' id='block_1_1' title="bbox 767 371 2075 420">
    <p class='ocr_par' dir='ltr' id='par_1_1' title="bbox 767 371 2075 420">
     <span class='ocr_line' id='line_1_1' title="bbox 767 371 2075 420; baseline 0.004 -5"><span class='ocrx_word' id='word_1_1' title='bbox 767 382 1033 415; x_wconf 83' lang='lat' dir='ltr'><strong>HISTORIAE</strong></span> <span class='ocrx_word' id='word_1_2' title='bbox 1076 381 1467 417; x_wconf 82' lang='lat' dir='ltr'>CONTINUATIO.</span> <span class='ocrx_word' id='word_1_3' title='bbox 1970 371 2075 420; x_wconf 73' lang='lat'>125</span> 
     </span>
    </p>
   </div>
   <div class='ocr_carea' id='block_1_2' title="bbox 150 507 2082 1149">
    <p class='ocr_par' dir='ltr' id='par_1_2' title="bbox 150 507 2082 1149">
     <span class='ocr_line' id='line_1_2' title="bbox 154 507 2082 576; baseline 0 -15"><span class='ocrx_word' id='word_1_4' title='bbox 154 507 593 576; x_wconf 78' lang='lat' dir='ltr'>inexpugnabiles</span> <span class='ocrx_word' id='word_1_5' title='bbox 635 507 871 575; x_wconf 89' lang='lat' dir='ltr'>reliquit.</span> <span class='ocrx_word' id='word_1_6' title='bbox 950 507 1177 559; x_wconf 87' lang='lat' dir='ltr'>Crebras</span> <span class='ocrx_word' id='word_1_7' title='bbox 1218 507 1544 575; x_wconf 78' lang='lat' dir='ltr'>irruptiones</span> <span class='ocrx_word' id='word_1_8' title='bbox 1589 527 1620 558; x_wconf 87' lang='lat' dir='ltr'>a</span> <span class='ocrx_word' id='word_1_9' title='bbox 1663 508 1958 572; x_wconf 90' lang='lat' dir='ltr'>Willelmo,</span> <span class='ocrx_word' id='word_1_10' title='bbox 1999 511 2082 561; x_wconf 89' lang='lat' dir='ltr'>sui</span> 
     </span>
     <span class='ocr_line' id='line_1_3' title="bbox 154 579 2079 646; baseline 0 -14"><span class='ocrx_word' id='word_1_11' title='bbox 154 581 332 632; x_wconf 85' lang='lat' dir='ltr'>fratris</span> <span class='ocrx_word' id='word_1_12' title='bbox 357 580 485 643; x_wconf 92' lang='lat' dir='ltr'>filio,</span> <span class='ocrx_word' id='word_1_13' title='bbox 514 579 785 640; x_wconf 78' lang='lat' dir='ltr'>sustinuit,</span> <span class='ocrx_word' id='word_1_14' title='bbox 813 579 905 646; x_wconf 89' lang='lat' dir='ltr'>qui</span> <span class='ocrx_word' id='word_1_15' title='bbox 931 579 1049 646; x_wconf 87' lang='lat' dir='ltr'>plus</span> <span class='ocrx_word' id='word_1_16' title='bbox 1076 579 1328 630; x_wconf 88' lang='lat' dir='ltr'>Fulconis</span> <span class='ocrx_word' id='word_1_17' title='bbox 1353 580 1825 646; x_wconf 87' lang='lat' dir='ltr'>Andegavensium</span> <span class='ocrx_word' id='word_1_18' title='bbox 1852 582 2079 646; x_wconf 89' lang='lat' dir='ltr'>comitis,</span> 
     </span>
     <span class='ocr_line' id='line_1_4' title="bbox 154 651 2079 720; baseline 0 -17"><span class='ocrx_word' id='word_1_19' title='bbox 154 652 321 703; x_wconf 89' lang='lat' dir='ltr'>soceri</span> <span class='ocrx_word' id='word_1_20' title='bbox 353 652 451 714; x_wconf 90' lang='lat' dir='ltr'>sui,</span> <span class='ocrx_word' id='word_1_21' title='bbox 484 651 684 702; x_wconf 88' lang='lat' dir='ltr'>viribus</span> <span class='ocrx_word' id='word_1_22' title='bbox 718 651 997 702; x_wconf 79' lang='lat' dir='ltr'>nitebatur</span> <span class='ocrx_word' id='word_1_23' title='bbox 1032 669 1192 718; x_wconf 91' lang='lat' dir='ltr'>quam</span> <span class='ocrx_word' id='word_1_24' title='bbox 1228 651 1472 718; x_wconf 88' lang='lat' dir='ltr'>propriis.</span> <span class='ocrx_word' id='word_1_25' title='bbox 1550 652 1667 702; x_wconf 86' lang='lat' dir='ltr'>Rex</span> <span class='ocrx_word' id='word_1_26' title='bbox 1700 657 1881 703; x_wconf 90' lang='lat' dir='ltr'>autem</span> <span class='ocrx_word' id='word_1_27' title='bbox 1906 654 2079 720; x_wconf 83' lang='lat' dir='ltr'>magis</span> 
     </span>
     <span class='ocr_line' id='line_1_5' title="bbox 153 723 2081 791; baseline 0.001 -17"><span class='ocrx_word' id='word_1_28' title='bbox 153 742 368 774; x_wconf 90' lang='lat' dir='ltr'>suorum</span> <span class='ocrx_word' id='word_1_29' title='bbox 410 728 684 789; x_wconf 88' lang='lat' dir='ltr'>suspectus</span> <span class='ocrx_word' id='word_1_30' title='bbox 726 729 806 773; x_wconf 91' lang='lat' dir='ltr'>est</span> <span class='ocrx_word' id='word_1_31' title='bbox 845 723 1220 789; x_wconf 77' lang='lat' dir='ltr'>proditionem,</span> <span class='ocrx_word' id='word_1_32' title='bbox 1261 741 1418 790; x_wconf 90' lang='lat' dir='ltr'>quam</span> <span class='ocrx_word' id='word_1_33' title='bbox 1459 728 1833 774; x_wconf 89' lang='lat' dir='ltr'>extraneorum</span> <span class='ocrx_word' id='word_1_34' title='bbox 1871 725 2081 791; x_wconf 89' lang='lat' dir='ltr'>expavit</span> 
     </span>
     <span class='ocr_line' id='line_1_6' title="bbox 152 794 2079 859; baseline 0.001 -13"><span class='ocrx_word' id='word_1_35' title='bbox 152 796 413 846; x_wconf 90' lang='lat' dir='ltr'>incursus.</span> <span class='ocrx_word' id='word_1_36' title='bbox 498 795 583 845; x_wconf 92' lang='lat' dir='ltr'>Ob</span> <span class='ocrx_word' id='word_1_37' title='bbox 627 794 933 845; x_wconf 87' lang='lat' dir='ltr'>istiusmodi</span> <span class='ocrx_word' id='word_1_38' title='bbox 979 794 1335 845; x_wconf 88' lang='lat' dir='ltr'>dissensiones</span> <span class='ocrx_word' id='word_1_39' title='bbox 1387 801 1440 845; x_wconf 91' lang='lat' dir='ltr'>et</span> <span class='ocrx_word' id='word_1_40' title='bbox 1490 813 1671 845; x_wconf 89' lang='lat' dir='ltr'>rerum</span> <span class='ocrx_word' id='word_1_41' title='bbox 1722 795 2079 859; x_wconf 88' lang='lat' dir='ltr'>difficultates,</span> 
     </span>
     <span class='ocr_line' id='line_1_7' title="bbox 153 866 2081 947; baseline 0.001 -30"><span class='ocrx_word' id='word_1_42' title='bbox 153 867 400 947; x_wconf 83' lang='lat' dir='ltr'>gravibus</span> <span class='ocrx_word' id='word_1_43' title='bbox 444 866 644 946; x_wconf 79' lang='lat' dir='ltr'>Anglia</span> <span class='ocrx_word' id='word_1_44' title='bbox 689 872 769 917; x_wconf 88' lang='lat' dir='ltr'>est</span> <span class='ocrx_word' id='word_1_45' title='bbox 811 866 997 916; x_wconf 88' lang='lat' dir='ltr'>attrita</span> <span class='ocrx_word' id='word_1_46' title='bbox 1038 866 1406 917; x_wconf 81' lang='lat' dir='ltr'>exactionibus</span> <span class='ocrx_word' id='word_1_47' title='bbox 1447 866 1814 933; x_wconf 80' lang='lat' dir='ltr'>pecuniarum,</span> <span class='ocrx_word' id='word_1_48' title='bbox 1855 885 1971 934; x_wconf 82' lang='lat' dir='ltr'>quae</span> <span class='ocrx_word' id='word_1_49' title='bbox 2014 869 2081 919; x_wconf 91' lang='lat' dir='ltr'>ad</span> 
     </span>
     <span class='ocr_line' id='line_1_8' title="bbox 150 937 2082 1005; baseline 0.001 -16"><span class='ocrx_word' id='word_1_50' title='bbox 150 939 366 1005; x_wconf 88' lang='lat' dir='ltr'>negotia</span> <span class='ocrx_word' id='word_1_51' title='bbox 405 937 547 1004; x_wconf 90' lang='lat' dir='ltr'>regis</span> <span class='ocrx_word' id='word_1_52' title='bbox 585 938 889 1005; x_wconf 75' lang='lat' dir='ltr'>pelagenda</span> <span class='ocrx_word' id='word_1_53' title='bbox 914 938 1060 988; x_wconf 90' lang='lat' dir='ltr'>omni</span> <span class='ocrx_word' id='word_1_54' title='bbox 1095 939 1292 1005; x_wconf 92' lang='lat' dir='ltr'>populo</span> <span class='ocrx_word' id='word_1_55' title='bbox 1321 938 1713 989; x_wconf 83' lang='lat' dir='ltr'>indicebantur.</span> <span class='ocrx_word' id='word_1_56' title='bbox 1791 939 2082 990; x_wconf 86' lang='lat' dir='ltr'>Teodulfus</span> 
     </span>
     <span class='ocr_line' id='line_1_9' title="bbox 152 1009 2079 1078; baseline 0.001 -17"><span class='ocrx_word' id='word_1_57' title='bbox 152 1010 522 1077; x_wconf 88' lang='lat' dir='ltr'>Wigornensis</span> <span class='ocrx_word' id='word_1_58' title='bbox 550 1010 843 1077; x_wconf 78' lang='lat' dir='ltr'>episcopUS,</span> <span class='ocrx_word' id='word_1_59' title='bbox 881 1016 933 1061; x_wconf 89' lang='lat' dir='ltr'>et</span> <span class='ocrx_word' id='word_1_60' title='bbox 961 1009 1224 1060; x_wconf 85' lang='lat' dir='ltr'>Radulfus</span> <span class='ocrx_word' id='word_1_61' title='bbox 1254 1010 1606 1061; x_wconf 88' lang='lat' dir='ltr'>Cicestrensis</span> <span class='ocrx_word' id='word_1_62' title='bbox 1635 1010 1911 1078; x_wconf 90' lang='lat' dir='ltr'>episcopus</span> <span class='ocrx_word' id='word_1_63' title='bbox 1937 1011 2079 1063; x_wconf 90' lang='lat' dir='ltr'>obie-</span> 
     </span>
     <span class='ocr_line' id='line_1_10' title="bbox 150 1081 2077 1149; baseline 0.001 -16"><span class='ocrx_word' id='word_1_64' title='bbox 150 1089 295 1133; x_wconf 86' lang='grc'><strong>111111.</strong></span> <span class='ocrx_word' id='word_1_65' title='bbox 365 1081 629 1133; x_wconf 88' lang='lat' dir='ltr'>Habitum</span> <span class='ocrx_word' id='word_1_66' title='bbox 652 1088 732 1132; x_wconf 92' lang='lat' dir='ltr'>est</span> <span class='ocrx_word' id='word_1_67' title='bbox 753 1082 1067 1133; x_wconf 64' lang='grc' dir='ltr'>(1011(311111111ω</span> <span class='ocrx_word' id='word_1_68' title='bbox 1090 1082 1231 1149; x_wconf 85' lang='lat' dir='ltr'>apud</span> <span class='ocrx_word' id='word_1_69' title='bbox 1258 1082 1527 1132; x_wconf 89' lang='lat' dir='ltr'>Bituricas</span> <span class='ocrx_word' id='word_1_70' title='bbox 1553 1101 1584 1132; x_wconf 83' lang='lat' dir='ltr'>v</span> <span class='ocrx_word' id='word_1_71' title='bbox 1572 1082 1719 1133; x_wconf 89' lang='lat' dir='ltr'>idus</span> <span class='ocrx_word' id='word_1_72' title='bbox 1747 1083 2077 1134; x_wconf 87' lang='lat' dir='ltr'>Decembris.</span> 
     </span>
    </p>
   </div>
   <div class='ocr_carea' id='block_1_3' title="bbox 997 1247 1220 1281">
    <p class='ocr_par' dir='ltr' id='par_1_3' title="bbox 997 1247 1220 1281">
     <span class='ocr_line' id='line_1_11' title="bbox 997 1247 1220 1281; baseline 0.004 -1"><span class='ocrx_word' id='word_1_73' title='bbox 997 1247 1220 1281; x_wconf 85' lang='lat' dir='ltr'>MCXXIV.</span> 
     </span>
    </p>
   </div>
   <div class='ocr_carea' id='block_1_4' title="bbox 150 1322 2079 2812">
    <p class='ocr_par' dir='ltr' id='par_1_4' title="bbox 150 1322 2079 2165">
     <span class='ocr_line' id='line_1_12' title="bbox 260 1322 2076 1392; baseline 0.001 -18"><span class='ocrx_word' id='word_1_74' title='bbox 260 1325 420 1374; x_wconf 88' lang='lat' dir='ltr'>Anno</span> <span class='ocrx_word' id='word_1_75' title='bbox 466 1323 726 1390; x_wconf 86' lang='lat' dir='ltr'>M.cxxiiij.</span> <span class='ocrx_word' id='word_1_76' title='bbox 806 1322 1111 1374; x_wconf 87' lang='lat' dir='ltr'>Alexander</span> <span class='ocrx_word' id='word_1_77' title='bbox 1155 1341 1247 1373; x_wconf 91' lang='lat' dir='ltr'>rex</span> <span class='ocrx_word' id='word_1_78' title='bbox 1300 1324 1608 1374; x_wconf 85' lang='lat' dir='ltr'>Scottorum</span> <span class='ocrx_word' id='word_1_79' title='bbox 1660 1324 1795 1375; x_wconf 90' lang='lat' dir='ltr'>obiit</span> <span class='ocrx_word' id='word_1_80' title='bbox 1845 1325 1913 1392; x_wconf 85' lang='lat' dir='ltr'>vij</span> <span class='ocrx_word' id='word_1_81' title='bbox 1968 1325 2076 1377; x_wconf 89' lang='lat' dir='ltr'>kal.</span> 
     </span>
     <span class='ocr_line' id='line_1_13' title="bbox 153 1394 2079 1462; baseline 0.001 -16"><span class='ocrx_word' id='word_1_82' title='bbox 153 1396 308 1459; x_wconf 89' lang='lat' dir='ltr'>Maii,</span> <span class='ocrx_word' id='word_1_83' title='bbox 338 1414 458 1447; x_wconf 90' lang='lat' dir='ltr'>cum</span> <span class='ocrx_word' id='word_1_84' title='bbox 485 1401 759 1461; x_wconf 79' lang='lat' dir='ltr'>regnasset</span> <span class='ocrx_word' id='word_1_85' title='bbox 786 1394 908 1462; x_wconf 85' lang='lat' dir='ltr'>xviij</span> <span class='ocrx_word' id='word_1_86' title='bbox 940 1395 1111 1457; x_wconf 91' lang='lat' dir='ltr'>annis,</span> <span class='ocrx_word' id='word_1_87' title='bbox 1141 1401 1194 1445; x_wconf 90' lang='lat' dir='ltr'>et</span> <span class='ocrx_word' id='word_1_88' title='bbox 1220 1395 1391 1446; x_wconf 92' lang='lat' dir='ltr'>tribus</span> <span class='ocrx_word' id='word_1_89' title='bbox 1419 1396 1707 1447; x_wconf 79' lang='lat' dir='ltr'>mensibus,</span> <span class='ocrx_word' id='word_1_90' title='bbox 1787 1397 1888 1448; x_wconf 86' lang='lat' dir='ltr'>Cui</span> <span class='ocrx_word' id='word_1_91' title='bbox 1913 1397 2079 1448; x_wconf 88' lang='lat' dir='ltr'>frater</span> 
     </span>
     <span class='ocr_line' id='line_1_14' title="bbox 153 1467 2077 1534; baseline 0.001 -16"><span class='ocrx_word' id='word_1_92' title='bbox 153 1469 266 1534; x_wconf 83' lang='lat' dir='ltr'>ejus</span> <span class='ocrx_word' id='word_1_93' title='bbox 306 1467 481 1518; x_wconf 85' lang='lat' dir='ltr'>David</span> <span class='ocrx_word' id='word_1_94' title='bbox 524 1467 828 1529; x_wconf 79' lang='lat' dir='ltr'>succedens,</span> <span class='ocrx_word' id='word_1_95' title='bbox 868 1484 1095 1533; x_wconf 89' lang='lat' dir='ltr'>regnum</span> <span class='ocrx_word' id='word_1_96' title='bbox 1138 1467 1279 1533; x_wconf 89' lang='lat' dir='ltr'>quod</span> <span class='ocrx_word' id='word_1_97' title='bbox 1313 1467 1479 1517; x_wconf 88' lang='lat' dir='ltr'>frater</span> <span class='ocrx_word' id='word_1_98' title='bbox 1511 1486 1636 1517; x_wconf 91' lang='lat' dir='ltr'>suus</span> <span class='ocrx_word' id='word_1_99' title='bbox 1663 1468 2077 1520; x_wconf 88' lang='lat' dir='ltr'>laboriosissime</span> 
     </span>
     <span class='ocr_line' id='line_1_15' title="bbox 151 1538 2077 1607; baseline 0.002 -18"><span class='ocrx_word' id='word_1_100' title='bbox 151 1540 344 1602; x_wconf 90' lang='lat' dir='ltr'>tenuit,</span> <span class='ocrx_word' id='word_1_101' title='bbox 385 1557 507 1589; x_wconf 92' lang='lat' dir='ltr'>mox</span> <span class='ocrx_word' id='word_1_102' title='bbox 551 1539 641 1589; x_wconf 92' lang='lat' dir='ltr'>ille</span> <span class='ocrx_word' id='word_1_103' title='bbox 682 1539 795 1589; x_wconf 87' lang='lat' dir='ltr'>sine</span> <span class='ocrx_word' id='word_1_104' title='bbox 841 1538 1261 1589; x_wconf 87' lang='lat' dir='ltr'>contradictione</span> <span class='ocrx_word' id='word_1_105' title='bbox 1304 1546 1610 1605; x_wconf 89' lang='lat' dir='ltr'>susceptum</span> <span class='ocrx_word' id='word_1_106' title='bbox 1654 1557 2077 1607; x_wconf 84' lang='lat' dir='ltr'>quaquaversum</span> 
     </span>
     <span class='ocr_line' id='line_1_16' title="bbox 152 1610 2076 1677; baseline 0.001 -16"><span class='ocrx_word' id='word_1_107' title='bbox 152 1611 412 1662; x_wconf 88' lang='lat' dir='ltr'>inclinum</span> <span class='ocrx_word' id='word_1_108' title='bbox 440 1611 541 1661; x_wconf 89' lang='lat' dir='ltr'>sibi</span> <span class='ocrx_word' id='word_1_109' title='bbox 567 1617 620 1661; x_wconf 90' lang='lat' dir='ltr'>et</span> <span class='ocrx_word' id='word_1_110' title='bbox 659 1610 900 1677; x_wconf 91' lang='lat' dir='ltr'>quietum</span> <span class='ocrx_word' id='word_1_111' title='bbox 938 1610 1129 1660; x_wconf 90' lang='lat' dir='ltr'>tenuit.</span> <span class='ocrx_word' id='word_1_112' title='bbox 1209 1610 1335 1676; x_wconf 89' lang='lat' dir='ltr'>Ipso</span> <span class='ocrx_word' id='word_1_113' title='bbox 1372 1617 1552 1661; x_wconf 87' lang='lat' dir='ltr'>autem</span> <span class='ocrx_word' id='word_1_114' title='bbox 1588 1629 1727 1661; x_wconf 90' lang='lat' dir='ltr'>anno</span> <span class='ocrx_word' id='word_1_115' title='bbox 1754 1612 2076 1675; x_wconf 83' lang='lat' dir='ltr'>Alexander,</span> 
     </span>
     <span class='ocr_line' id='line_1_17' title="bbox 151 1681 2073 1750; baseline 0.001 -18"><span class='ocrx_word' id='word_1_116' title='bbox 151 1683 227 1750; x_wconf 82' lang='lat' dir='ltr'>iiij</span> <span class='ocrx_word' id='word_1_117' title='bbox 260 1690 382 1733; x_wconf 88' lang='lat' dir='ltr'>ante</span> <span class='ocrx_word' id='word_1_118' title='bbox 410 1701 560 1733; x_wconf 89' lang='lat' dir='ltr'>suam</span> <span class='ocrx_word' id='word_1_119' title='bbox 585 1688 813 1732; x_wconf 88' lang='lat' dir='ltr'>mortem</span> <span class='ocrx_word' id='word_1_120' title='bbox 839 1681 1129 1742; x_wconf 90' lang='lat' dir='ltr'>mensibus,</span> <span class='ocrx_word' id='word_1_121' title='bbox 1158 1681 1214 1730; x_wconf 90' lang='lat' dir='ltr'>in</span> <span class='ocrx_word' id='word_1_122' title='bbox 1241 1681 1606 1748; x_wconf 88' lang='lat' dir='ltr'>episcopatum</span> <span class='ocrx_word' id='word_1_123' title='bbox 1632 1683 1866 1734; x_wconf 83' lang='lat' dir='ltr'>ecclesiae</span> <span class='ocrx_word' id='word_1_124' title='bbox 1894 1685 2073 1735; x_wconf 86' lang='lat' dir='ltr'>Sancti</span> 
     </span>
     <span class='ocr_line' id='line_1_18' title="bbox 151 1753 2074 1821; baseline 0.001 -16"><span class='ocrx_word' id='word_1_125' title='bbox 151 1755 400 1816; x_wconf 85' lang='lat' dir='ltr'>Andreae,</span> <span class='ocrx_word' id='word_1_126' title='bbox 428 1772 545 1821; x_wconf 83' lang='lat' dir='ltr'>quae</span> <span class='ocrx_word' id='word_1_127' title='bbox 571 1754 629 1803; x_wconf 93' lang='lat' dir='ltr'>in</span> <span class='ocrx_word' id='word_1_128' title='bbox 658 1753 837 1803; x_wconf 89' lang='lat' dir='ltr'>Scotia</span> <span class='ocrx_word' id='word_1_129' title='bbox 864 1759 962 1814; x_wconf 89' lang='lat' dir='ltr'>est,</span> <span class='ocrx_word' id='word_1_130' title='bbox 990 1753 1117 1803; x_wconf 87' lang='lat' dir='ltr'>fecit</span> <span class='ocrx_word' id='word_1_131' title='bbox 1144 1753 1270 1819; x_wconf 84' lang='lat' dir='ltr'>eligi</span> <span class='ocrx_word' id='word_1_132' title='bbox 1299 1754 1634 1804; x_wconf 86' lang='lat' dir='ltr'>Rodbertum</span> <span class='ocrx_word' id='word_1_133' title='bbox 1660 1754 1891 1821; x_wconf 86' lang='lat' dir='ltr'>priorem</span> <span class='ocrx_word' id='word_1_134' title='bbox 1918 1774 2074 1807; x_wconf 89' lang='lat' dir='ltr'>cano-</span> 
     </span>
     <span class='ocr_line' id='line_1_19' title="bbox 151 1824 2076 1892; baseline 0.001 -16"><span class='ocrx_word' id='word_1_135' title='bbox 151 1826 393 1877; x_wconf 85' lang='lat' dir='ltr'>nicorum</span> <span class='ocrx_word' id='word_1_136' title='bbox 437 1825 764 1892; x_wconf 83' lang='lat' dir='ltr'>regularium</span> <span class='ocrx_word' id='word_1_137' title='bbox 807 1824 946 1891; x_wconf 87' lang='lat' dir='ltr'>apud</span> <span class='ocrx_word' id='word_1_138' title='bbox 987 1825 1232 1875; x_wconf 86' lang='lat' dir='ltr'>Sconam.</span> <span class='ocrx_word' id='word_1_139' title='bbox 1312 1826 1418 1876; x_wconf 90' lang='lat' dir='ltr'>Sed</span> <span class='ocrx_word' id='word_1_140' title='bbox 1457 1826 1570 1892; x_wconf 85' lang='lat' dir='ltr'>ejus</span> <span class='ocrx_word' id='word_1_141' title='bbox 1612 1826 1878 1877; x_wconf 88' lang='lat' dir='ltr'>ordinatio</span> <span class='ocrx_word' id='word_1_142' title='bbox 1904 1828 2076 1878; x_wconf 90' lang='lat' dir='ltr'>multo</span> 
     </span>
     <span class='ocr_line' id='line_1_20' title="bbox 151 1896 2077 1965; baseline 0.001 -17"><span class='ocrx_word' id='word_1_143' title='bbox 151 1904 230 1948; x_wconf 89' lang='lat' dir='ltr'>est</span> <span class='ocrx_word' id='word_1_144' title='bbox 265 1904 502 1964; x_wconf 92' lang='lat' dir='ltr'>tempore</span> <span class='ocrx_word' id='word_1_145' title='bbox 541 1897 707 1947; x_wconf 90' lang='lat' dir='ltr'>dilata</span> <span class='ocrx_word' id='word_1_146' title='bbox 749 1906 966 1963; x_wconf 88' lang='lat' dir='ltr'>propter</span> <span class='ocrx_word' id='word_1_147' title='bbox 1007 1896 1395 1963; x_wconf 85' lang='lat' dir='ltr'>subjectionem</span> <span class='ocrx_word' id='word_1_148' title='bbox 1429 1897 1666 1948; x_wconf 90' lang='lat' dir='ltr'>debitam</span> <span class='ocrx_word' id='word_1_149' title='bbox 1705 1916 1863 1965; x_wconf 89' lang='lat' dir='ltr'>quam</span> <span class='ocrx_word' id='word_1_150' title='bbox 1892 1900 2077 1950; x_wconf 91' lang='lat' dir='ltr'>abillo</span> 
     </span>
     <span class='ocr_line' id='line_1_21' title="bbox 152 1968 2075 2035; baseline 0.001 -15"><span class='ocrx_word' id='word_1_151' title='bbox 152 1970 443 2020; x_wconf 87' lang='lat' dir='ltr'>secundum</span> <span class='ocrx_word' id='word_1_152' title='bbox 471 1969 911 2021; x_wconf 89' lang='lat' dir='ltr'>consuetudinem</span> <span class='ocrx_word' id='word_1_153' title='bbox 938 1968 1183 2035; x_wconf 88' lang='lat' dir='ltr'>exigebat</span> <span class='ocrx_word' id='word_1_154' title='bbox 1215 1969 1497 2019; x_wconf 83' lang='lat' dir='ltr'>Turstinus</span> <span class='ocrx_word' id='word_1_155' title='bbox 1524 1969 1877 2021; x_wconf 87' lang='lat' dir='ltr'>Eboracensis</span> <span class='ocrx_word' id='word_1_156' title='bbox 1905 1971 2075 2022; x_wconf 88' lang='lat' dir='ltr'>archi-</span> 
     </span>
     <span class='ocr_line' id='line_1_22' title="bbox 152 2040 2074 2109; baseline 0.001 -16"><span class='ocrx_word' id='word_1_157' title='bbox 152 2042 444 2109; x_wconf 86' lang='lat' dir='ltr'>episcopus.</span> <span class='ocrx_word' id='word_1_158' title='bbox 542 2041 715 2092; x_wconf 91' lang='lat' dir='ltr'>Scotti</span> <span class='ocrx_word' id='word_1_159' title='bbox 754 2046 935 2091; x_wconf 83' lang='lat' dir='ltr'>autem</span> <span class='ocrx_word' id='word_1_160' title='bbox 962 2058 990 2091; x_wconf 91' lang='lat' dir='ltr'>e</span> <span class='ocrx_word' id='word_1_161' title='bbox 1023 2047 1209 2091; x_wconf 88' lang='lat' dir='ltr'>contra</span> <span class='ocrx_word' id='word_1_162' title='bbox 1248 2040 1497 2096; x_wconf 89' lang='lat' dir='ltr'>dicebant</span> <span class='ocrx_word' id='word_1_163' title='bbox 1537 2042 1704 2092; x_wconf 89' lang='lat' dir='ltr'>stulta</span> <span class='ocrx_word' id='word_1_164' title='bbox 1742 2044 2074 2109; x_wconf 88' lang='lat' dir='ltr'>garrulitate,</span> 
     </span>
     <span class='ocr_line' id='line_1_23' title="bbox 150 2112 1664 2165; baseline 0 -1"><span class='ocrx_word' id='word_1_165' title='bbox 150 2114 252 2164; x_wconf 88' lang='lat' dir='ltr'>hoc</span> <span class='ocrx_word' id='word_1_166' title='bbox 278 2114 427 2165; x_wconf 89' lang='lat' dir='ltr'>nulla</span> <span class='ocrx_word' id='word_1_167' title='bbox 454 2113 644 2164; x_wconf 89' lang='lat' dir='ltr'>debere</span> <span class='ocrx_word' id='word_1_168' title='bbox 671 2113 784 2163; x_wconf 85' lang='lat' dir='ltr'>fieri</span> <span class='ocrx_word' id='word_1_169' title='bbox 811 2112 1128 2163; x_wconf 87' lang='lat' dir='ltr'>auctoritate</span> <span class='ocrx_word' id='word_1_170' title='bbox 1155 2113 1237 2163; x_wconf 88' lang='lat' dir='ltr'>vel</span> <span class='ocrx_word' id='word_1_171' title='bbox 1264 2113 1664 2164; x_wconf 90' lang='lat' dir='ltr'>consuetudine.</span> 
     </span>
    </p>

    <p class='ocr_par' dir='ltr' id='par_1_5' title="bbox 151 2184 2078 2612">
     <span class='ocr_line' id='line_1_24' title="bbox 262 2184 2076 2251; baseline 0.001 -15"><span class='ocrx_word' id='word_1_172' title='bbox 262 2186 455 2236; x_wconf 89' lang='lat' dir='ltr'>Comes</span> <span class='ocrx_word' id='word_1_173' title='bbox 497 2185 561 2236; x_wconf 91' lang='lat' dir='ltr'>de</span> <span class='ocrx_word' id='word_1_174' title='bbox 601 2184 835 2235; x_wconf 88' lang='lat' dir='ltr'>Mellant</span> <span class='ocrx_word' id='word_1_175' title='bbox 876 2184 1178 2251; x_wconf 83' lang='lat' dir='ltr'>praedictus,</span> <span class='ocrx_word' id='word_1_176' title='bbox 1220 2184 1349 2234; x_wconf 90' lang='lat' dir='ltr'>dum</span> <span class='ocrx_word' id='word_1_177' title='bbox 1390 2186 1588 2251; x_wconf 90' lang='lat' dir='ltr'>passim</span> <span class='ocrx_word' id='word_1_178' title='bbox 1622 2185 1923 2237; x_wconf 87' lang='lat' dir='ltr'>inconsulte</span> <span class='ocrx_word' id='word_1_179' title='bbox 1963 2204 2076 2238; x_wconf 92' lang='lat' dir='ltr'>cas-</span> 
     </span>
     <span class='ocr_line' id='line_1_25' title="bbox 151 2256 2074 2325; baseline 0.001 -18"><span class='ocrx_word' id='word_1_180' title='bbox 151 2257 280 2308; x_wconf 80' lang='lat' dir='ltr'>tella</span> <span class='ocrx_word' id='word_1_181' title='bbox 322 2276 438 2325; x_wconf 86' lang='lat' dir='ltr'>quae</span> <span class='ocrx_word' id='word_1_182' title='bbox 480 2263 665 2307; x_wconf 90' lang='lat' dir='ltr'>contra</span> <span class='ocrx_word' id='word_1_183' title='bbox 704 2274 886 2322; x_wconf 89' lang='lat' dir='ltr'>regem</span> <span class='ocrx_word' id='word_1_184' title='bbox 933 2256 1199 2306; x_wconf 90' lang='lat' dir='ltr'>munierat</span> <span class='ocrx_word' id='word_1_185' title='bbox 1243 2256 1565 2318; x_wconf 86' lang='lat' dir='ltr'>circumiret,</span> <span class='ocrx_word' id='word_1_186' title='bbox 1606 2263 1792 2324; x_wconf 88' lang='lat' dir='ltr'>captus</span> <span class='ocrx_word' id='word_1_187' title='bbox 1836 2258 1900 2309; x_wconf 93' lang='lat' dir='ltr'>ab</span> <span class='ocrx_word' id='word_1_188' title='bbox 1945 2258 2074 2308; x_wconf 89' lang='lat' dir='ltr'>insi-</span> 
     </span>
     <span class='ocr_line' id='line_1_26' title="bbox 155 2327 2078 2394; baseline 0.001 -15"><span class='ocrx_word' id='word_1_189' title='bbox 155 2330 429 2381; x_wconf 89' lang='lat' dir='ltr'>diantibus</span> <span class='ocrx_word' id='word_1_190' title='bbox 457 2346 578 2379; x_wconf 88' lang='lat' dir='ltr'>cum</span> <span class='ocrx_word' id='word_1_191' title='bbox 606 2328 714 2378; x_wconf 91' lang='lat' dir='ltr'>suis</span> <span class='ocrx_word' id='word_1_192' title='bbox 749 2345 858 2378; x_wconf 93' lang='lat' dir='ltr'>non</span> <span class='ocrx_word' id='word_1_193' title='bbox 892 2327 1074 2394; x_wconf 89' lang='lat' dir='ltr'>paucis</span> <span class='ocrx_word' id='word_1_194' title='bbox 1107 2328 1350 2394; x_wconf 87' lang='lat' dir='ltr'>diligenti</span> <span class='ocrx_word' id='word_1_195' title='bbox 1377 2334 1615 2378; x_wconf 88' lang='lat' dir='ltr'>arctatur</span> <span class='ocrx_word' id='word_1_196' title='bbox 1642 2330 1898 2380; x_wconf 88' lang='lat' dir='ltr'>custodia.</span> <span class='ocrx_word' id='word_1_197' title='bbox 1977 2331 2078 2381; x_wconf 86' lang='lat' dir='ltr'>Ca—</span> 
     </span>
     <span class='ocr_line' id='line_1_27' title="bbox 152 2399 2075 2469; baseline 0.001 -18"><span class='ocrx_word' id='word_1_198' title='bbox 152 2402 316 2451; x_wconf 88' lang='lat' dir='ltr'>lixtus</span> <span class='ocrx_word' id='word_1_199' title='bbox 356 2419 492 2468; x_wconf 89' lang='lat' dir='ltr'>papa</span> <span class='ocrx_word' id='word_1_200' title='bbox 531 2400 650 2450; x_wconf 91' lang='lat' dir='ltr'>idus</span> <span class='ocrx_word' id='word_1_201' title='bbox 682 2399 995 2450; x_wconf 82' lang='lat' dir='ltr'>Decembris</span> <span class='ocrx_word' id='word_1_202' title='bbox 1037 2399 1187 2461; x_wconf 88' lang='lat' dir='ltr'>obiit,</span> <span class='ocrx_word' id='word_1_203' title='bbox 1226 2417 1321 2465; x_wconf 90' lang='lat' dir='ltr'>pro</span> <span class='ocrx_word' id='word_1_204' title='bbox 1357 2417 1460 2466; x_wconf 92' lang='lat' dir='ltr'>quo</span> <span class='ocrx_word' id='word_1_205' title='bbox 1487 2400 1752 2451; x_wconf 88' lang='lat' dir='ltr'>Ostiensis</span> <span class='ocrx_word' id='word_1_206' title='bbox 1779 2401 2075 2469; x_wconf 89' lang='lat' dir='ltr'>episcopus,</span> 
     </span>
     <span class='ocr_line' id='line_1_28' title="bbox 152 2471 2074 2541; baseline 0.001 -17"><span class='ocrx_word' id='word_1_207' title='bbox 152 2480 361 2524; x_wconf 88' lang='lat' dir='ltr'>mutato</span> <span class='ocrx_word' id='word_1_208' title='bbox 400 2474 557 2541; x_wconf 80' lang='lat' dir='ltr'>juxta</span> <span class='ocrx_word' id='word_1_209' title='bbox 599 2489 803 2522; x_wconf 88' lang='lat' dir='ltr'>morem</span> <span class='ocrx_word' id='word_1_210' title='bbox 841 2471 1078 2537; x_wconf 87' lang='lat' dir='ltr'>priorum</span> <span class='ocrx_word' id='word_1_211' title='bbox 1111 2471 1175 2521; x_wconf 93' lang='lat' dir='ltr'>de</span> <span class='ocrx_word' id='word_1_212' title='bbox 1212 2471 1502 2522; x_wconf 88' lang='lat' dir='ltr'>Lamberto</span> <span class='ocrx_word' id='word_1_213' title='bbox 1536 2472 1593 2522; x_wconf 88' lang='lat' dir='ltr'>in</span> <span class='ocrx_word' id='word_1_214' title='bbox 1634 2473 1939 2525; x_wconf 88' lang='lat' dir='ltr'>Honorium</span> <span class='ocrx_word' id='word_1_215' title='bbox 1979 2492 2074 2525; x_wconf 90' lang='lat' dir='ltr'>no-</span> 
     </span>
     <span class='ocr_line' id='line_1_29' title="bbox 153 2542 1101 2612; baseline -0.003 -17"><span class='ocrx_word' id='word_1_216' title='bbox 153 2546 313 2606; x_wconf 88' lang='lat' dir='ltr'>minc,</span> <span class='ocrx_word' id='word_1_217' title='bbox 353 2545 410 2594; x_wconf 92' lang='lat' dir='ltr'>in</span> <span class='ocrx_word' id='word_1_218' title='bbox 436 2550 686 2612; x_wconf 88' lang='lat' dir='ltr'>papatum</span> <span class='ocrx_word' id='word_1_219' title='bbox 717 2542 1101 2593; x_wconf 50' lang='lat' dir='ltr'>substituiturf</span> 
     </span>
    </p>

    <p class='ocr_par' dir='ltr' id='par_1_6' title="bbox 153 2614 2078 2812">
     <span class='ocr_line' id='line_1_30' title="bbox 263 2614 2078 2685; baseline 0.001 -18"><span class='ocrx_word' id='word_1_220' title='bbox 263 2618 468 2683; x_wconf 88' lang='lat' dir='ltr'>Magna</span> <span class='ocrx_word' id='word_1_221' title='bbox 510 2616 614 2666; x_wconf 84' lang='lat' dir='ltr'>fuit</span> <span class='ocrx_word' id='word_1_222' title='bbox 653 2633 747 2682; x_wconf 86' lang='lat' dir='ltr'>per</span> <span class='ocrx_word' id='word_1_223' title='bbox 789 2614 1046 2681; x_wconf 89' lang='lat' dir='ltr'>Angliam</span> <span class='ocrx_word' id='word_1_224' title='bbox 1087 2614 1270 2676; x_wconf 89' lang='lat' dir='ltr'>fames,</span> <span class='ocrx_word' id='word_1_225' title='bbox 1312 2621 1372 2665; x_wconf 91' lang='lat' dir='ltr'>ut</span> <span class='ocrx_word' id='word_1_226' title='bbox 1406 2615 1603 2681; x_wconf 87' lang='lat' dir='ltr'>passim</span> <span class='ocrx_word' id='word_1_227' title='bbox 1639 2634 1731 2683; x_wconf 92' lang='lat' dir='ltr'>per</span> <span class='ocrx_word' id='word_1_228' title='bbox 1769 2617 1943 2680; x_wconf 89' lang='lat' dir='ltr'>urbes,</span> <span class='ocrx_word' id='word_1_229' title='bbox 1983 2637 2078 2685; x_wconf 92' lang='lat' dir='ltr'>per</span> 
     </span>
     <span class='ocr_line' id='line_1_31' title="bbox 153 2686 2077 2751; baseline 0.002 -12"><span class='ocrx_word' id='word_1_230' title='bbox 153 2689 321 2751; x_wconf 82' lang='lat' dir='ltr'>villas,</span> <span class='ocrx_word' id='word_1_231' title='bbox 344 2696 396 2739; x_wconf 93' lang='lat' dir='ltr'>et</span> <span class='ocrx_word' id='word_1_232' title='bbox 422 2688 628 2739; x_wconf 88' lang='lat' dir='ltr'>viarum</span> <span class='ocrx_word' id='word_1_233' title='bbox 654 2687 911 2737; x_wconf 88' lang='lat' dir='ltr'>transitus</span> <span class='ocrx_word' id='word_1_234' title='bbox 939 2686 1241 2737; x_wconf 88' lang='lat' dir='ltr'>exanimata</span> <span class='ocrx_word' id='word_1_235' title='bbox 1263 2687 1551 2738; x_wconf 89' lang='lat' dir='ltr'>miserabili</span> <span class='ocrx_word' id='word_1_236' title='bbox 1578 2687 1795 2739; x_wconf 91' lang='lat' dir='ltr'>horrore</span> <span class='ocrx_word' id='word_1_237' title='bbox 1822 2690 2077 2742; x_wconf 87' lang='lat' dir='ltr'>cadavera</span> 
     </span>
     <span class='ocr_line' id='line_1_32' title="bbox 153 2758 1154 2812; baseline -0.003 -1"><span class='ocrx_word' id='word_1_238' title='bbox 153 2761 434 2812; x_wconf 89' lang='lat' dir='ltr'>inhumata</span> <span class='ocrx_word' id='word_1_239' title='bbox 458 2760 849 2811; x_wconf 87' lang='lat' dir='ltr'>resolverentur</span> <span class='ocrx_word' id='word_1_240' title='bbox 875 2758 931 2808; x_wconf 91' lang='lat' dir='ltr'>in</span> <span class='ocrx_word' id='word_1_241' title='bbox 958 2758 1154 2809; x_wconf 89' lang='lat' dir='ltr'>tabem.</span> 
     </span>
    </p>
   </div>
   <div class='ocr_carea' id='block_1_5' title="bbox 1016 2911 1216 2945">
    <p class='ocr_par' dir='ltr' id='par_1_7' title="bbox 1016 2911 1216 2945">
     <span class='ocr_line' id='line_1_33' title="bbox 1016 2911 1216 2945; baseline 0.005 -1"><span class='ocrx_word' id='word_1_242' title='bbox 1016 2911 1216 2945; x_wconf 87' lang='lat' dir='ltr'>MCXXV.</span> 
     </span>
    </p>
   </div>
   <div class='ocr_carea' id='block_1_6' title="bbox 153 2986 2078 3486">
    <p class='ocr_par' dir='ltr' id='par_1_8' title="bbox 153 2986 2078 3486">
     <span class='ocr_line' id='line_1_34' title="bbox 263 2986 2078 3069; baseline -0.001 -28"><span class='ocrx_word' id='word_1_243' title='bbox 263 2991 425 3041; x_wconf 88' lang='lat' dir='ltr'>Anno</span> <span class='ocrx_word' id='word_1_244' title='bbox 468 3006 682 3039; x_wconf 87' lang='lat' dir='ltr'>M.cxxv.</span> <span class='ocrx_word' id='word_1_245' title='bbox 775 2987 1076 3053; x_wconf 87' lang='lat' dir='ltr'>Imperator</span> <span class='ocrx_word' id='word_1_246' title='bbox 1128 2986 1414 3049; x_wconf 91' lang='lat' dir='ltr'>Henricus,</span> <span class='ocrx_word' id='word_1_247' title='bbox 1477 3004 1599 3037; x_wconf 90' lang='lat' dir='ltr'>cum</span> <span class='ocrx_word' id='word_1_248' title='bbox 1647 2987 1959 3069; x_wconf 90' lang='lat' dir='ltr'>imperasset</span> <span class='ocrx_word' id='word_1_249' title='bbox 2010 3009 2078 3040; x_wconf 87' lang='lat' dir='ltr'>xx</span> 
     </span>
     <span class='ocr_line' id='line_1_35' title="bbox 154 3058 2074 3139; baseline -0.002 -25"><span class='ocrx_word' id='word_1_250' title='bbox 154 3063 324 3125; x_wconf 89' lang='lat' dir='ltr'>annis,</span> <span class='ocrx_word' id='word_1_251' title='bbox 365 3061 479 3112; x_wconf 88' lang='lat' dir='ltr'>sine</span> <span class='ocrx_word' id='word_1_252' title='bbox 523 3060 645 3110; x_wconf 90' lang='lat' dir='ltr'>filiis</span> <span class='ocrx_word' id='word_1_253' title='bbox 690 3058 838 3110; x_wconf 92' lang='lat' dir='ltr'>obiit.</span> <span class='ocrx_word' id='word_1_254' title='bbox 850 3068 870 3098; x_wconf 72' lang='lat' dir='ltr'><em>J</em></span> <span class='ocrx_word' id='word_1_255' title='bbox 964 3059 1124 3109; x_wconf 91' lang='lat' dir='ltr'>Unde</span> <span class='ocrx_word' id='word_1_256' title='bbox 1168 3065 1276 3109; x_wconf 92' lang='lat' dir='ltr'>tres</span> <span class='ocrx_word' id='word_1_257' title='bbox 1322 3077 1352 3109; x_wconf 91' lang='lat' dir='ltr'>a</span> <span class='ocrx_word' id='word_1_258' title='bbox 1395 3058 1711 3139; x_wconf 87' lang='lat' dir='ltr'>primatibus</span> <span class='ocrx_word' id='word_1_259' title='bbox 1753 3061 1907 3127; x_wconf 89' lang='lat' dir='ltr'>regni</span> <span class='ocrx_word' id='word_1_260' title='bbox 1950 3069 2074 3112; x_wconf 90' lang='lat' dir='ltr'>sunt</span> 
     </span>
     <span class='ocr_line' id='line_1_36' title="bbox 153 3130 2074 3215; baseline -0.001 -30"><span class='ocrx_word' id='word_1_261' title='bbox 153 3133 426 3215; x_wconf 91' lang='lat' dir='ltr'>propositi,</span> <span class='ocrx_word' id='word_1_262' title='bbox 466 3138 527 3183; x_wconf 92' lang='lat' dir='ltr'>ut</span> <span class='ocrx_word' id='word_1_263' title='bbox 573 3131 796 3199; x_wconf 90' lang='lat' dir='ltr'>quilibet</span> <span class='ocrx_word' id='word_1_264' title='bbox 836 3148 1020 3181; x_wconf 88' lang='lat' dir='ltr'>eorum</span> <span class='ocrx_word' id='word_1_265' title='bbox 1066 3130 1354 3197; x_wconf 89' lang='lat' dir='ltr'>eligeretur</span> <span class='ocrx_word' id='word_1_266' title='bbox 1397 3131 1454 3180; x_wconf 89' lang='lat' dir='ltr'>in</span> <span class='ocrx_word' id='word_1_267' title='bbox 1497 3149 1739 3198; x_wconf 88' lang='lat' dir='ltr'>regnum.</span> <span class='ocrx_word' id='word_1_268' title='bbox 1816 3133 2074 3199; x_wconf 90' lang='lat' dir='ltr'>Lipoldus</span> 
     </span>
     <span class='ocr_line' id='line_1_37' title="bbox 154 3202 2074 3271; baseline -0.001 -15"><span class='ocrx_word' id='word_1_269' title='bbox 154 3206 385 3257; x_wconf 89' lang='lat' dir='ltr'>sororius</span> <span class='ocrx_word' id='word_1_270' title='bbox 429 3202 774 3271; x_wconf 89' lang='lat' dir='ltr'>Imperatoris</span> <span class='ocrx_word' id='word_1_271' title='bbox 823 3202 1079 3265; x_wconf 88' lang='lat' dir='ltr'>defuncti,</span> <span class='ocrx_word' id='word_1_272' title='bbox 1135 3209 1187 3253; x_wconf 90' lang='lat' dir='ltr'>et</span> <span class='ocrx_word' id='word_1_273' title='bbox 1237 3220 1400 3270; x_wconf 89' lang='lat' dir='ltr'>nepos</span> <span class='ocrx_word' id='word_1_274' title='bbox 1452 3203 1567 3270; x_wconf 81' lang='lat' dir='ltr'>ejus</span> <span class='ocrx_word' id='word_1_275' title='bbox 1619 3203 1974 3266; x_wconf 73' lang='lat' dir='ltr'>FretheriCUS,</span> <span class='ocrx_word' id='word_1_276' title='bbox 2021 3212 2074 3255; x_wconf 89' lang='lat' dir='ltr'>et</span> 
     </span>
     <span class='ocr_line' id='line_1_38' title="bbox 155 3243 2075 3355; baseline 0 -28"><span class='ocrx_word' id='word_1_277' title='bbox 155 3277 439 3328; x_wconf 86' lang='lat' dir='ltr'>Lotharius</span> <span class='ocrx_word' id='word_1_278' title='bbox 480 3276 586 3326; x_wconf 92' lang='lat' dir='ltr'>dux</span> <span class='ocrx_word' id='word_1_279' title='bbox 632 3276 920 3326; x_wconf 86' lang='lat' dir='ltr'>Saxonum.</span> <span class='ocrx_word' id='word_1_280' title='bbox 1016 3243 1274 3355; x_wconf 84' lang='lat' dir='ltr'>Lipoldus</span> <span class='ocrx_word' id='word_1_281' title='bbox 1319 3292 1591 3341; x_wconf 86' lang='lat' dir='ltr'>opponens</span> <span class='ocrx_word' id='word_1_282' title='bbox 1642 3281 1971 3327; x_wconf 86' lang='lat' dir='ltr'>senectutem</span> <span class='ocrx_word' id='word_1_283' title='bbox 2022 3283 2075 3327; x_wconf 88' lang='lat' dir='ltr'>et</span> 
     </span>
     <span class='ocr_line' id='line_1_39' title="bbox 153 3346 2071 3414; baseline -0.001 -16"><span class='ocrx_word' id='word_1_284' title='bbox 153 3349 384 3398; x_wconf 87' lang='lat' dir='ltr'>filiorum</span> <span class='ocrx_word' id='word_1_285' title='bbox 410 3365 711 3408; x_wconf 89' lang='lat' dir='ltr'>numerum,</span> <span class='ocrx_word' id='word_1_286' title='bbox 750 3364 818 3397; x_wconf 89' lang='lat' dir='ltr'>ne</span> <span class='ocrx_word' id='word_1_287' title='bbox 844 3364 939 3413; x_wconf 90' lang='lat' dir='ltr'>per</span> <span class='ocrx_word' id='word_1_288' title='bbox 964 3346 1081 3397; x_wconf 92' lang='lat' dir='ltr'>illos</span> <span class='ocrx_word' id='word_1_289' title='bbox 1109 3347 1152 3396; x_wconf 91' lang='lat' dir='ltr'>si</span> <span class='ocrx_word' id='word_1_290' title='bbox 1186 3346 1298 3413; x_wconf 91' lang='lat' dir='ltr'>ipse</span> <span class='ocrx_word' id='word_1_291' title='bbox 1335 3353 1736 3413; x_wconf 86' lang='lat' dir='ltr'>promoveretur</span> <span class='ocrx_word' id='word_1_292' title='bbox 1761 3348 1818 3397; x_wconf 90' lang='lat' dir='ltr'>in</span> <span class='ocrx_word' id='word_1_293' title='bbox 1844 3365 2071 3414; x_wconf 89' lang='lat' dir='ltr'>regnum</span> 
     </span>
     <span class='ocr_line' id='line_1_40' title="bbox 155 3418 2071 3486; baseline -0.001 -16"><span class='ocrx_word' id='word_1_294' title='bbox 155 3419 307 3486; x_wconf 85' lang='lat' dir='ltr'>regni</span> <span class='ocrx_word' id='word_1_295' title='bbox 346 3419 496 3469; x_wconf 88' lang='lat' dir='ltr'>fieret</span> <span class='ocrx_word' id='word_1_296' title='bbox 535 3418 740 3481; x_wconf 86' lang='lat' dir='ltr'>divisio,</span> <span class='ocrx_word' id='word_1_297' title='bbox 781 3437 811 3468; x_wconf 92' lang='lat' dir='ltr'>a</span> <span class='ocrx_word' id='word_1_298' title='bbox 852 3437 906 3468; x_wconf 92' lang='lat' dir='ltr'>se</span> <span class='ocrx_word' id='word_1_299' title='bbox 941 3418 1139 3485; x_wconf 90' lang='lat' dir='ltr'>repulit</span> <span class='ocrx_word' id='word_1_300' title='bbox 1173 3418 1474 3485; x_wconf 89' lang='lat' dir='ltr'>imperium.</span> <span class='ocrx_word' id='word_1_301' title='bbox 1553 3419 1907 3481; x_wconf 84' lang='lat' dir='ltr'>Frethericus,</span> <span class='ocrx_word' id='word_1_302' title='bbox 1951 3436 2071 3469; x_wconf 91' lang='lat' dir='ltr'>cum</span> 
     </span>
    </p>
   </div>
   <div class='ocr_carea' id='block_1_7' title="bbox 237 3560 2072 3724">
    <p class='ocr_par' dir='ltr' id='par_1_9' title="bbox 237 3560 2072 3724">
     <span class='ocr_line' id='line_1_41' title="bbox 238 3560 1401 3616; baseline 0.004 -18"><span class='ocrx_word' id='word_1_303' title='bbox 238 3569 260 3585; x_wconf 75' lang='lat'>²0</span> <span class='ocrx_word' id='word_1_304' title='bbox 291 3561 454 3601; x_wconf 81' lang='lat' dir='ltr'>“Nihil</span> <span class='ocrx_word' id='word_1_305' title='bbox 474 3560 564 3613; x_wconf 88' lang='lat' dir='ltr'>ejus</span> <span class='ocrx_word' id='word_1_306' title='bbox 584 3563 813 3613; x_wconf 50' lang='lat' dir='ltr'>superest)</span> <span class='ocrx_word' id='word_1_307' title='bbox 869 3563 991 3616; x_wconf 84' lang='lat' dir='ltr'>Pagi,</span> <span class='ocrx_word' id='word_1_308' title='bbox 1019 3564 1132 3615; x_wconf 83' lang='lat' dir='ltr'>apud</span> <span class='ocrx_word' id='word_1_309' title='bbox 1152 3563 1401 3603; x_wconf 84' lang='lat' dir='ltr'>Baronium.</span> 
     </span>
     <span class='ocr_line' id='line_1_42' title="bbox 245 3615 1089 3670; baseline 0.003 -15.109"><span class='ocrx_word' id='word_1_310' title='bbox 245 3615 407 3656; x_wconf 75' lang='lat' dir='ltr'>&#39;&#39;Visio</span> <span class='ocrx_word' id='word_1_311' title='bbox 427 3617 477 3656; x_wconf 89' lang='lat' dir='ltr'>de</span> <span class='ocrx_word' id='word_1_312' title='bbox 497 3616 615 3656; x_wconf 88' lang='lat' dir='ltr'>Hon</span> <span class='ocrx_word' id='word_1_313' title='bbox 635 3617 762 3658; x_wconf 88' lang='lat' dir='ltr'>deest.</span> <span class='ocrx_word' id='word_1_314' title='bbox 820 3619 874 3656; x_wconf 76' lang='lat' dir='ltr'>In</span> <span class='ocrx_word' id='word_1_315' title='bbox 893 3620 1089 3670; x_wconf 64' lang='lat' dir='ltr'>maa-gine.</span> 
     </span>
     <span class='ocr_line' id='line_1_43' title="bbox 237 3670 2072 3724; baseline 0.002 -14"><span class='ocrx_word' id='word_1_316' title='bbox 237 3679 254 3702; x_wconf 67' lang='grc'><em>9</em></span> <span class='ocrx_word' id='word_1_317' title='bbox 286 3670 405 3710; x_wconf 84' lang='lat' dir='ltr'>Obiit</span> <span class='ocrx_word' id='word_1_318' title='bbox 421 3671 636 3711; x_wconf 78' lang='lat' dir='ltr'>Honrious</span> <span class='ocrx_word' id='word_1_319' title='bbox 655 3671 894 3722; x_wconf 86' lang='lat' dir='ltr'>imperat-or.</span> <span class='ocrx_word' id='word_1_320' title='bbox 945 3671 1154 3713; x_wconf 76' lang='lat' dir='ltr'>Successit</span> <span class='ocrx_word' id='word_1_321' title='bbox 1168 3672 1398 3712; x_wconf 76' lang='lat' dir='ltr'>Lotharius</span> <span class='ocrx_word' id='word_1_322' title='bbox 1413 3672 1514 3711; x_wconf 88' lang='lat' dir='ltr'>Dux</span> <span class='ocrx_word' id='word_1_323' title='bbox 1531 3671 1757 3711; x_wconf 84' lang='lat' dir='ltr'>Saxonum.</span> <span class='ocrx_word' id='word_1_324' title='bbox 1802 3673 1856 3710; x_wconf 84' lang='lat' dir='ltr'>In</span> <span class='ocrx_word' id='word_1_325' title='bbox 1878 3673 2072 3724; x_wconf 68' lang='lat' dir='ltr'>maryine.</span> 
     </span>
    </p>
   </div>
  </div>
 </body>
</html>
