2384 4126
779 375 1044 409 LIBELLus
1086 375 1311 409 INCERTI
1350 376 1505 409 AUCT.
1996 362 2101 413 207

187 500 472 570 Kynegilsi
498 500 552 551 ix
578 500 748 552 annis,
826 500 929 552 Cui
972 500 1226 552 successit
1267 500 1568 552 Ceadwalla
1612 500 1752 551 filius
1793 501 2099 566 Coenberti,

183 573 280 624 filii
307 573 457 635 Cadi,
493 572 589 623 filii
623 572 833 634 Cuthae,
876 572 974 622 filii
1010 572 1273 635 Ceaulini,
1314 572 1412 623 filii
1451 572 1698 640 Kynrici,
1738 573 1835 623 filii
1872 573 2097 625 Cerdici.

185 644 452 711 Regnavit
496 650 677 695 autem
717 644 1016 694 Ceadwalla
1065 643 1218 694 annis
1262 644 1318 711 ij
1411 644 1621 695 Dehinc
1673 645 1902 695 Romam
1952 645 2100 696 venit

184 716 423 778 devotus,
468 715 649 782 ibique
688 715 1005 782 baptizatus,
1052 721 1123 777 et,
1166 715 1339 766 adhuc
1389 715 1447 766 in
1492 715 1626 766 albis
1669 716 1894 782 positus,
1933 716 2101 767 vitam

182 787 508 850 terminavit,
553 787 899 854 pontificante
947 787 1133 854 Sergio
1176 796 1365 854 papaJn
1440 787 1740 838 Ceadvvallo
1775 794 1954 838 autem
1981 806 2098 839 suc-

184 858 343 909 cessit
368 859 503 921 Yne,
531 859 596 909 de
632 859 795 925 stirpe
828 858 1006 925 regia3
1046 859 1150 909 fuit
1191 858 1336 909 enim
1376 859 1516 909 filius
1544 859 1823 922 Coenredi,
1861 859 1953 926 qui
1993 860 2098 910 fuit

182 930 323 980 filius
366 930 669 981 Ceolvvoldi.
748 930 1016 981 Ceolwold
1053 935 1234 981 autem
1274 930 1378 980 fuit
1415 930 1581 981 frater
1618 931 1901 999 Kynegilsi
1939 931 2098 998 regis.

183 1002 312 1052 Post
356 1002 532 1069 xxxvij
576 1019 742 1052 annos
785 1001 940 1068 regni
981 1001 1065 1052 sui
1099 1003 1217 1052 Yne
1258 1002 1446 1053 Romae
1484 1002 1657 1052 finivit
1691 1002 1875 1064 vitam,
1911 1003 2098 1054 relicto

182 1090 363 1140 regno.
443 1073 552 1126 Qui
579 1073 741 1124 etiam
766 1073 962 1123 dicitur
987 1074 1268 1124 denarium
1303 1092 1367 1124 ex
1401 1074 1624 1140 singulis
1661 1074 1907 1125 domibus
1947 1075 2100 1141 regni

186 1145 269 1195 sui
293 1144 450 1195 beato
477 1146 636 1196 Petro
663 1145 894 1195 Romam
927 1162 1250 1212 unoquoque
1286 1163 1426 1196 anno
1461 1146 1683 1197 dedisse.
1763 1146 1923 1198 Quod
1950 1146 2043 1196 diu
2070 1165 2101 1197 a

186 1216 576 1267 successoribus
616 1216 725 1267 suis
764 1216 1105 1267 observatum
1150 1223 1246 1267 est.
1325 1217 1455 1267 Post
1480 1218 1598 1268 Yne
1626 1217 1954 1269 Ethelheard
1980 1236 2097 1285 reg-

186 1288 334 1338 navit
361 1288 450 1355 xiij
482 1287 652 1338 annis.
745 1288 848 1339 Cui
883 1288 1136 1339 successit
1163 1288 1422 1351 Cuthred‚
1463 1294 1516 1339 et
1542 1289 1624 1356 xvj
1657 1289 1809 1340 annis
1835 1290 2095 1356 regnavit.

185 1359 394 1410 Deinde
425 1359 727 1426 Sigebircht
752 1360 1036 1427 regnavitj
1069 1377 1226 1411 anno.
1303 1360 1433 1411 Post
1473 1361 1617 1411 hunc
1656 1361 1952 1429 Kynevvulf
1981 1379 2098 1427 reg-

183 1431 332 1481 navit
370 1431 516 1481 xxix⁷‘
551 1431 720 1481 annis.
800 1431 946 1482 Huic
990 1431 1320 1482 Brichtricus
1367 1432 1672 1495 succedens,
1717 1433 1961 1500 regnavit
2011 1434 2094 1500 xvj

186 1502 356 1553 annis.
450 1503 573 1554 Quo
622 1509 898 1570 regnante,
951 1503 1095 1553 Dani
1144 1503 1376 1570 primum
1426 1509 1687 1555 venerunt
1736 1504 1794 1554 in
1843 1503 2099 1571 Angliam

182 1574 355 1624 tribus
381 1574 621 1625 navibus.
698 1575 825 1624 Post
866 1574 1239 1637 Brithtricum,
1283 1575 1515 1642 suscepit
1548 1575 1817 1642 Egbertus
1850 1594 2096 1643 regnum,

183 1651 236 1696 et
273 1646 517 1712 regnavit
550 1663 687 1696 xxxv
725 1645 895 1708 annis,
936 1651 989 1696 et
1026 1646 1094 1712 vij
1137 1646 1441 1708 mensibus3
1483 1647 1758 1713 multaque
1796 1665 1963 1714 regna
1997 1666 2095 1698 suo

183 1716 395 1783 subegit
420 1717 659 1784 imperio,
696 1717 898 1767 scilicet
932 1717 1204 1778 Canciam‚
1249 1718 1452 1780 Sureie,
1492 1719 1805 1780 Suthseaxa,
1849 1726 1902 1770 et
1937 1720 2094 1769 East-

184 1806 355 1851 seaxa,
407 1795 460 1839 et
503 1789 635 1839 East
677 1788 872 1855 Angla,
915 1794 968 1839 et
1013 1788 1292 1840 Merciam.
1369 1789 1498 1840 Post
1543 1807 1702 1856 quem
1746 1790 2097 1841 Eathelvvlfus

183 1860 323 1910 filius
356 1861 470 1928 ejus
499 1860 742 1927 regnavit
758 1881 773 1922 ,-
815 1860 1166 1911 Eathelwlfus
1200 1860 1341 1911 filius
1379 1861 1620 1927 Egberti,
1663 1862 1755 1928 qui
1788 1862 1892 1912 fuit
1929 1863 2095 1912 Alch-

181 1932 387 1994 mundi,
417 1931 508 1999 qui
532 1932 636 1982 fuit
661 1932 795 1994 Eafi‚
833 1932 924 1999 qui
963 1932 1067 1983 fuit
1101 1933 1318 1999 Eoppae,
1363 1932 1454 1999 qui
1489 1933 1592 1983 fuit
1627 1933 1847 1999 Ingildi,
1876 1934 1967 2000 qui
1993 1934 2098 1984 fuit

181 2003 346 2054 frater
380 2004 497 2054 Yne
531 2003 671 2070 regis
700 2004 1005 2071 supradicti.
1101 2004 1366 2071 Regnavit
1394 2011 1574 2056 autem
1609 2005 1939 2056 Eathelwulf
1969 2006 2092 2073 xviij

184 2075 336 2125 annis
380 2081 433 2126 et
474 2075 709 2126 dimidio.
788 2075 1027 2143 Reliquit
1062 2082 1242 2126 autem
1277 2076 1352 2143 iiij
1397 2076 1551 2140 filios,
1591 2094 1817 2143 quorum
1857 2077 2097 2144 quisque,

186 2146 320 2197 alter
359 2154 480 2214 post
522 2147 767 2209 alterum,
812 2165 964 2214 reges
1008 2147 1244 2210 fuerunt,
1289 2148 1513 2199 viriliter
1555 2148 1873 2199 dimicantes
1914 2156 2101 2199 contra

183 2218 445 2285 PaganOS,
474 2219 677 2270 scilicet
704 2220 904 2270 Danos.
983 2218 1229 2271 Quorum
1272 2219 1477 2285 primus
1515 2220 1937 2271 Eadthelbaldus
1975 2227 2096 2287 post

183 2296 390 2356 patrem
441 2290 681 2356 regnavit
730 2309 762 2341 v
812 2290 981 2341 annis.
1058 2291 1188 2341 Post
1239 2308 1396 2357 quem
1446 2290 1613 2341 frater
1662 2309 1789 2341 suus
1841 2292 2094 2343 Eadthel-

182 2361 424 2412 brichtus
481 2362 527 2428 vj
588 2361 741 2412 annis
796 2361 1053 2427 regnavit.
1155 2362 1365 2413 Deinde
1420 2362 1791 2426 Eathelredus,
1856 2363 2095 2430 ejusdem

183 2432 363 2495 frater,
403 2450 435 2483 v
473 2433 627 2483 annis
664 2433 923 2499 regnavit.
1000 2434 1128 2484 Post
1173 2433 1317 2484 hunc
1360 2433 1527 2485 frater
1571 2451 1754 2484 eorum
1798 2435 2094 2485 Ealuredus

183 2504 427 2570 regnavit
465 2504 590 2555 xxix
628 2505 798 2567 annis,
838 2511 892 2556 et
925 2505 974 2572 vj
1005 2505 1294 2567 mensibus,
1336 2523 1692 2572 magnamque
1725 2512 1933 2573 partem
1973 2507 2094 2557 Bri-

183 2576 400 2638 tanniae,
423 2576 736 2643 expugnatis
759 2576 946 2639 Danis,
968 2576 1219 2627 obtinuit.
1295 2578 1534 2644 Excepto
1554 2577 1658 2628 isto
1680 2578 1791 2628 solo
1817 2596 2002 2629 omnes
2030 2579 2096 2629 ad

184 2648 473 2698 australem
497 2648 711 2715 plagam
739 2648 985 2699 Humbre
1003 2649 1239 2699 fluminis
1267 2648 1583 2700 defecerant.
1659 2649 1926 2701 Ealuredo
1951 2668 2093 2701 mor-

183 2724 297 2781 tuo,
350 2720 606 2770 successit
655 2719 793 2770 filius
844 2721 958 2788 ejus
1008 2720 1352 2783 Eadwardus,
1410 2721 1651 2788 potentia
1699 2723 1870 2789 maj0r
1925 2728 2092 2789 patre.

185 2790 366 2841 Multo
393 2792 536 2842 enim
561 2791 721 2842 latius
759 2810 917 2858 quam
951 2799 1102 2859 pater
1142 2793 1273 2843 fines
1316 2792 1469 2859 regni
1504 2793 1586 2843 sui
1613 2793 1871 2844 dilatavit.
1950 2794 2093 2860 Reg-

184 2862 333 2913 navit
361 2868 541 2913 autem
566 2863 711 2931 xxiiij
737 2863 906 2914 annis.
984 2864 1225 2931 Reliquit
1252 2870 1432 2915 autem
1456 2870 1579 2932 post
1606 2883 1661 2916 se
1686 2865 1741 2932 iij
1766 2865 1921 2928 filios,
1965 2884 2093 2932 quo-

184 2952 305 2984 rum
332 2934 571 3001 quisque,
595 2935 729 2986 alter
753 2942 872 3002 post
893 2935 1136 2999 alterum,
1154 2936 1430 3004 regnabat.
1507 2937 1635 2987 Post
1660 2943 1868 3003 patrem
1893 2937 2095 3003 primus

184 3006 428 3072 regnavit
453 3006 872 3070 Eathelstanus,⁰
904 3007 996 3074 qui
1021 3008 1224 3075 primus
1249 3026 1437 3075 regum
1473 3026 1536 3059 ex
1562 3008 1755 3074 Anglis
1780 3008 1947 3059 totius
1974 3009 2094 3059 Bri-

184 3077 384 3128 tanniae
410 3078 775 3129 monarchiam
810 3079 1001 3130 tenuit.
1077 3079 1223 3130 Nam
1265 3086 1318 3131 et
1361 3080 1596 3130 Scotiam
1641 3086 1695 3131 et
1734 3080 2098 3131 Cumbreland

187 3155 240 3198 et
267 3149 395 3199 alias
421 3148 720 3199 insularum
755 3150 857 3201 sibi
887 3150 1185 3217 provincias
1223 3151 1546 3218 subjugavit.
1623 3151 1889 3218 Regnavit
1916 3158 2096 3202 autem

184 3221 266 3287 xvj
299 3220 468 3270 annis.
547 3221 693 3271 Huic
728 3222 982 3273 successit
1015 3222 1181 3274 frater
1221 3223 1335 3290 ejus
1377 3223 1743 3286 Eadmundus,
1785 3240 2015 3290 regnans
2043 3224 2092 3290 vj

187 3291 340 3342 annis
367 3297 420 3343 et
446 3291 514 3359 vij
544 3292 833 3344 mensibus.
913 3294 1094 3362 Hujus
1134 3294 1243 3346 filio
1278 3295 1525 3362 Eadgaro
1554 3295 1668 3362 jam
1709 3301 1855 3358 natO,
1896 3294 2098 3345 audivit

243 3449 298 3503 ‘m
326 3440 613 3494 Wallingford
642 3442 895 3483 transcribes
924 3443 999 3484 the
1032 3442 1265 3496 genealogy
1298 3442 1344 3483 of
1378 3443 1452 3484 the
1484 3443 1611 3496 kings
1644 3441 1690 3483 of
1727 3440 1904 3482 Wessex
1937 3442 1983 3480 to
2014 3438 2102 3485 this

184 3497 421 3600 ponalfhxxx,
449 3550 679 3603 Magdalen
700 3551 794 3593 MS.

189 3604 618 3711 AngloIrncmmargine
671 3606 766 3647 MS.
815 3606 1130 3658 Caligula-De
1177 3609 1478 3647 Adthelestano
1527 3608 1666 3658 primo
1714 3605 1962 3657 sceptrigero
2009 3616 2104 3654 φερε
