2384 4126
336 387 407 437 48
952 401 1225 435 sYME0N1s
1264 399 1656 434 DUNELMENsIs

336 529 606 597 prudens!
651 535 828 598 gestas
861 530 1198 593 Gestantem,
1227 527 1500 596 sapientiae
1527 526 1700 577 claves
1726 523 1909 586 vehis3
1952 523 2268 591 sapientiam

339 602 536 669 diligis,
578 603 788 670 sapiens
816 602 936 666 6115,
963 602 1177 668 faciens
1196 602 1462 668 judiczum
1489 605 1537 650 et
1558 598 1831 665 justinam
1857 598 1914 648 in
1941 597 2114 648 terris
2119 605 2144 636 P
2220 598 2267 647 O

338 674 535 738 clerici,
577 675 839 726 attendite
884 681 938 726 et
977 675 1152 726 videte
1198 691 1380 738 regem
1420 672 1477 722 in
1518 672 1640 721 sinu
1688 669 1888 720 librum
1934 668 2138 720 deferre
2183 668 2269 719 die

335 753 637 814 noctuque3
677 765 770 798 vos
795 765 920 798 vero
946 765 1045 798 nec
1070 747 1246 813 legem
1273 745 1376 796 Dei
1402 743 1550 795 scitis
1583 760 1683 794 nec
1710 742 1844 793 56116
1869 741 2048 792 vultis,
2126 741 2265 790 P1ae-

338 819 491 886 cipue
531 819 692 882 idem,
732 838 827 871 rex
866 819 1059 882 factus,
1097 818 1319 886 lugebat
1357 816 1530 867 filium
1569 834 1744 876 suum,
1783 814 1839 864 id
1884 825 1964 866 est
2009 813 2266 876 animum,

338 892 480 959 quod
505 892 817 944 liberalibus
841 909 952 942 non
978 892 1154 943 fuerat
1182 890 1387 942 artibus
1413 889 1725 940 instructus.
1730 897 1748 927 q

1150 1079 1456 1113 DCCCLXVII.

443 1169 606 1220 Anno
656 1169 961 1236 Dccclxvij,
1019 1168 1317 1219 nativitatis
1376 1167 1583 1218 Elfredi
1631 1168 1773 1234 regis
1822 1167 1928 1230 xix,
1985 1166 2271 1234 praedictus

333 1241 674 1308 Paganorum
717 1240 981 1292 exercitus
1017 1240 1082 1291 de
1109 1240 1478 1292 Orientalibus
1503 1240 1697 1306 Anglis
1725 1239 1791 1290 ad
1817 1239 2115 1290 Eboracam
2144 1240 2269 1289 civi-

334 1319 506 1365 tatem
550 1313 820 1381 migravit,
877 1331 994 1380 quae
1038 1313 1096 1362 in
1139 1312 1431 1392 aquilonali
1469 1312 1585 1379 ripa
1628 1312 1990 1363 Humbrensis
2034 1311 2270 1361 fluminis

336 1385 440 1436 sita
484 1393 581 1437 est.
674 1385 882 1437 Eodem
923 1392 1163 1452 tempore
1205 1384 1440 1435 maxima
1479 1384 1622 1435 inter
1661 1383 2271 1451 Northanhymbrorum

334 1458 559 1526 populos
587 1458 854 1509 discordia
881 1463 995 1509 erat
1031 1475 1302 1520 succensa,
1344 1463 1397 1508 et
1433 1463 1573 1524 apte,
1615 1456 1740 1524 quia
1767 1457 1858 1524 qui
1884 1456 2067 1507 odium
2094 1456 2271 1523 diligit

335 1530 521 1581 odium
565 1530 820 1582 inveniet.
917 1530 1019 1581 His
1065 1530 1253 1581 diebus
1297 1529 1496 1580 North
1485 1529 1908 1597 inhymbroium
1959 1547 2089 1596 gens
2139 1528 2270 1595 legi-

334 1603 531 1654 timum
558 1621 666 1654 suae
694 1603 870 1670 gentis
895 1621 1096 1670 regem,
1130 1602 1372 1669 Osbryht
1398 1602 1692 1652 vocitatum
1719 1607 1986 1682 onomate,
2016 1601 2080 1652 de
2107 1619 2273 1668 regno

334 1675 604 1727 hostiliter
630 1676 967 1756 expulerunt,
1009 1681 1062 1726 61
1097 1681 1389 1743 tyrannum
1426 1674 1694 1741 quendam
1722 1674 1938 1725 nomine
1964 1674 2091 1725 Alla
2117 1692 2274 1741 super

336 1748 542 1815 apicem
567 1748 722 1815 regni
749 1748 1179 1810 constituerunt3
1220 1747 1561 1798 venientibus
1592 1765 1750 1814 super
1775 1765 2001 1814 regnum
2023 1746 2273 1813 Paganis,

336 1820 560 1871 consilio
601 1820 799 1871 Divino
832 1826 884 1871 et
924 1820 1247 1887 optimatum
1288 1819 1614 1870 adminiculo
1656 1819 1921 1870 discordia
1958 1819 2050 1869 illa
2090 1818 2274 1870 sedata

337 1899 435 1944 est.
514 1894 630 1943 Rex
657 1910 780 1944 vero
808 1892 1049 1960 Osbryht
1077 1898 1130 1943 et
1156 1891 1298 1954 Alla,
1328 1891 1576 1942 adunatis
1602 1892 1820 1955 viribus,
1844 1898 2275 1959 congregatoque

338 1965 594 2029 exercitU,
649 1965 953 2016 Eboracum
1001 1964 1201 2033 adeunt
1242 1963 1512 2030 oppidum.
1607 1964 1819 2016 Quibus
1866 1964 2274 2015 advenientibus

336 2037 558 2089 classica
600 2037 894 2088 multitudo
936 2036 1218 2088 confestim
1258 2037 1444 2103 fugam
1486 2036 1778 2103 arripiunt3
1822 2054 2050 2104 quorum
2088 2036 2274 2103 fugam

338 2117 392 2161 et
436 2128 683 2177 pavorem
729 2109 1025 2161 Christiani
1066 2115 1364 2171 cernentes,
1417 2108 1666 2159 fortiores
1705 2108 1834 2175 ipsis
1878 2108 2083 2160 inventi
2128 2116 2270 2159 sunt.

337 2183 648 2250 Pugnatum
676 2190 756 2233 est
783 2182 911 2232 satis
939 2181 1226 2232 crudeliter
1254 2199 1317 2232 ex
1344 2187 1570 2248 utraque
1597 2188 1765 2248 parte,
1805 2199 1908 2249 quo
1937 2181 2094 2232 ambo
2121 2199 2274 2248 reges

337 2255 724 2306 occubuerunt.
810 2254 1026 2321 Reliqui
1077 2271 1200 2304 vero
1243 2254 1335 2321 qui
1384 2259 1666 2304 evaserunt
1707 2271 1893 2320 pacem
1939 2272 2061 2304 cum
2104 2254 2275 2304 Danis

338 2327 678 2395 pepigerunt.
1721 2369 1733 2386 2

449 2400 575 2467 Ipso
597 2405 777 2451 autem
800 2417 941 2450 anno
958 2398 1239 2461 Ealhstan,
1265 2397 1700 2449 Scireburnensis
1721 2397 1956 2449 ecclesiae
1977 2398 2272 2465 episcopus,

337 2471 481 2523 viam
509 2478 562 2524 et
587 2472 755 2523 vitam
783 2471 1018 2523 deseruit
1045 2470 1357 2538 temporalis
1378 2470 1575 2533 saeculi,
1603 2477 1887 2538 postquam
1909 2471 2274 2538 episcopatum

338 2562 434 2612 per
461 2562 628 2596 6111105
655 2544 1048 2613 quinquaginta
1068 2543 1456 2594 honorabiliter
1480 2548 1690 2594 rexerat
1712 2565 1721 2594 ε
1752 2543 1843 2610 qui
1869 2543 1926 2593 in
1951 2560 2080 2610 pace
2108 2544 2273 2595 eccle-

340 2617 431 2669 siae
456 2617 760 2684 requiescit,
789 2617 1031 2684 sepultus
1058 2616 1310 2667 decenter
1335 2616 1393 2666 in
1420 2615 1545 2667 sede
1571 2615 1654 2666 sui
1681 2616 2053 2683 episcopatuss

1144 2802 1473 2836 DCCCLXVIII.

450 2895 613 2945 Anno
639 2893 960 2961 Decolxviij,
982 2892 1188 2943 Elfredi
1206 2892 1349 2959 regis
1371 2911 1455 2955 xx,
1477 2911 1697 2944 uxorem
1725 2894 1928 2962 accepit
1956 2894 2020 2946 de
2048 2896 2273 2959 Mercia,

341 2966 580 3018 nobilem
616 2966 821 3017 scilicet
848 2983 1060 3032 genere,
1087 2965 1254 3015 filiam
1281 2965 1559 3016 Ethelredi
1592 2966 1890 3017 Gainorum
1919 2967 2145 3031 601111115,
2185 2970 2276 3036 qui

341 3037 823 3107 cognominabatur
850 3037 916 3088 ab
943 3037 1136 3104 Anglis
1163 3037 1366 3101 Mucel,
1404 3055 1466 3088 eo
1493 3038 1632 3105 quod
1661 3045 1774 3089 erat
1802 3057 2019 3107 corpore
2045 3059 2275 3108 magnus

342 3117 397 3163 et
431 3109 720 3178 prudentia
758 3109 1089 3176 grandaevus.
1168 3110 1250 3160 Ea
1275 3116 1594 3177 tempestate
1622 3111 1906 3178 praedictus
1933 3113 2274 3180 Paganorum

343 3183 607 3236 exercitus
644 3181 1157 3249 Northanhymbros
1197 3182 1432 3249 reliquit,
1477 3183 1868 3250 Snotingaham
1909 3185 2140 3251 pessimo
2183 3186 2272 3236 ad-

342 3261 509 3307 ventu
528 3254 764 3305 visitavit
793 3259 846 3305 et
874 3254 1023 3316 adiit,
1047 3271 1163 3320 quae
1191 3254 1377 3305 civitas
1398 3255 1712 3306 Britannico
1741 3274 1984 3308 sermone
2010 3257 2271 3324 Tiguoco-

340 3328 496 3379 bauc⁸
516 3327 919 3393 interpretatur,
949 3326 1146 3376 Latina
1171 3326 1619 3393 interpretatione
1649 3329 2037 3395 Speluncarum
2066 3330 2273 3381 Domus

343 3400 555 3452 dicitur.
635 3399 758 3451 Quo
789 3398 846 3448 in
871 3398 989 3448 loco
1017 3398 1253 3465 hospites
1286 3398 1530 3450 insidiosi
1566 3400 1753 3450 eodem
1786 3419 1927 3451 anno
1956 3401 2272 3465 hiemavere,

344 3490 572 3542 quorum
600 3471 859 3523 adventus
887 3470 1137 3521 omnibus
1163 3471 1372 3538 populis
1400 3471 1528 3521 satis
1556 3478 1669 3523 erat
1695 3472 1955 3539 ingratus.
2033 3473 2275 3525 Audiens

421 3617 443 3642 Ρ
473 3607 504 3648 J
507 3620 564 3648 er
587 3605 702 3646 xxiii
726 3605 763 3646 5.
1099 3612 1116 3636 ‘1
1145 3603 1286 3645 Asser.
1623 3606 1805 3648 Α5561.

426 3663 571 3703 Urbis
597 3661 725 3711 word,
757 3660 928 3700 written
959 3659 1004 3699 in
1037 3659 1111 3699 the
1137 3659 1232 3700 MS.
1265 3660 1573 3713 Tignocebanc,
1605 3661 1639 3702 is
1670 3663 1899 3712 corrected,
1930 3663 2014 3703 and
2040 3662 2095 3703 its
2115 3662 2178 3715 sig
2153 3663 2275 3703 ‹nifi-

341 3731 470 3759 cance
491 3717 678 3758 restored
698 3694 807 3756 from
826 3716 900 3756 1116
921 3717 1013 3755 text
1034 3715 1080 3755 of
1105 3714 1244 3756 Aeser.
