2384 4126
757 350 1024 383 HISTORIAE
1065 350 1450 384 CONTINUATIO.
1985 337 2049 385 81

140 476 338 538 fratriS,
379 476 581 527 scilicet
608 476 816 526 comitis
843 475 1029 538 Tostii,
1071 476 1389 527 comitatum
1427 475 1675 526 ferociter
1705 475 2055 542 depopulatus

139 555 236 611 est,
276 548 472 599 violata
497 565 625 615 pace
654 547 841 598 Sancti
869 547 1156 598 Cuthberti
1181 548 1238 597 in
1265 546 1692 598 Lindisfarnensi
1717 546 1909 598 insula.

1016 677 1056 710 M
1063 677 1164 709 LXV
1171 700 1181 710 .

245 753 406 802 Anno
444 752 822 819 M.lxv—jussu
865 751 1004 818 regis
1052 751 1333 802 Morcarus
1373 751 1758 815 Northumbris
1801 757 1882 801 est
1925 768 2054 817 prae-

135 823 357 875 electusk
382 841 573 874 comes.

996 912 1186 947 Mval.

247 988 462 1038 “Anno
508 987 1042 1055 M.lxvj—Haroldus
1097 987 1393 1054 Harvager,
1449 1005 1541 1037 rex
1597 987 2055 1053 Norreganorum,

139 1064 343 1126 “pater
387 1059 558 1109 sancti
601 1059 740 1125 regis
786 1058 959 1121 Olavi,
1011 1059 1069 1108 in
1119 1059 1256 1109 ostio
1301 1059 1447 1110 Tinae
1491 1058 1727 1108 fluminis
1772 1058 2055 1126 improvise

140 1135 174 1158 “
197 1131 466 1198 applicuit.
544 1131 631 1181 Ad
665 1148 824 1197 quem
856 1148 1030 1181 comes
1057 1131 1289 1193 Tostius,
1332 1137 1394 1180 ut
1419 1130 1565 1198 prius
1594 1130 1917 1192 condixerat,
1960 1148 2056 1179 sua

140 1207 174 1230 “
197 1220 318 1253 cum
360 1203 524 1253 classe
564 1203 727 1265 venit,
768 1208 821 1254 et
867 1202 1029 1253 citato
1072 1220 1232 1253 cursu
1276 1203 1472 1253 ostium
1520 1202 1782 1253 Humbrae
1819 1201 2056 1252 fluminis

140 1278 174 1301 “
196 1274 547 1336 intraverunt,
588 1281 641 1325 et
668 1274 742 1324 sic
770 1275 1018 1324 adversus
1054 1292 1266 1324 cursum
1307 1274 1434 1324 Usae
1460 1274 1695 1324 fluminis
1723 1274 2053 1340 navigantes,

141 1346 253 1395 “in
277 1347 394 1397 loco
422 1346 514 1412 qui
541 1346 763 1396 Ricliale
788 1346 1001 1407 dicitur,
1043 1345 1415 1412 applicuerunt
1434 1346 1469 1368 ’²
1499 1353 1553 1396 et
1578 1346 1880 1397 Eboracum
1908 1344 2055 1411 gravi

137 1436 317 1484 pugna
344 1418 710 1468 obtinuerunt.
788 1422 822 1444 “
842 1417 1001 1469 Quod
1037 1418 1130 1468 ubi
1161 1417 1274 1484 regi
1308 1417 1549 1468 Haroldo
1579 1417 1834 1479 innotuit,
1873 1435 2056 1467 versus

138 1494 171 1516 “
194 1489 640 1556 Northymbriam
667 1489 1058 1556 expeditionem
1091 1507 1313 1556 propere
1349 1488 1532 1539 movit.
1615 1490 1719 1539 Sed
1744 1489 2054 1555 priusquam

142 1566 175 1588 “
196 1579 288 1612 rex
337 1561 467 1611 illuc
511 1560 732 1621 veniret,
780 1561 885 1610 duo
936 1560 1178 1626 germani
1222 1560 1461 1622 comites,
1500 1560 1747 1611 videlicet
1798 1560 2053 1610 Edwinus

140 1637 174 1660 “
195 1638 247 1683 et
274 1633 583 1694 Morkarus,
605 1650 727 1682 cum
752 1632 962 1698 ingenti
987 1631 1240 1694 exercitu,
1267 1631 1325 1681 in
1350 1631 1532 1697 vigilia
1559 1632 1612 1682 S.
1641 1631 1876 1682 Matthei
1903 1650 2054 1698 apos-

140 1708 174 1731 “
194 1704 309 1766 toli,
349 1703 482 1754 feria
506 1703 603 1771 iiij,
638 1703 695 1753 in
725 1703 916 1754 boriali
941 1703 1057 1770 ripa
1083 1704 1196 1754 Use
1222 1703 1476 1765 fluminis,
1510 1703 1668 1770 juxta
1693 1703 2053 1765 Eboracum,”

140 1775 279 1843 apud
321 1775 558 1837 Fulford,
614 1780 788 1825 “cum
838 1774 1169 1841 Norreganis
1222 1774 1470 1841 proelium
1522 1774 1853 1836 commisere,
1905 1781 1958 1825 et
1998 1775 2056 1824 in

139 1852 173 1874 “
193 1847 366 1913 primo
407 1846 534 1897 belli
572 1846 780 1913 impetu
804 1846 1029 1897 viriliter
1065 1853 1366 1913 pugnantes
1400 1846 1600 1897 multos
1634 1852 2053 1913 prostraverunt.

138 1923 171 1946 “
193 1921 268 1969 At
294 1924 577 1986 postquam
605 1918 698 1968 diu
718 1924 981 1969 certatum
1009 1925 1108 1981 est,
1136 1918 1302 1985 Angli
1330 1918 1769 1984 Norreganorum
1794 1918 2056 1985 impetum

137 1995 173 2018 “
193 2008 302 2040 non
322 1990 570 2053 ferentes,
592 1990 734 2040 haud
760 1990 873 2041 sine
899 2007 1060 2057 parvo
1081 1990 1402 2041 detrimento
1422 2008 1640 2040 suorum
1660 1997 1811 2056 terga
1832 1990 2022 2041 dedere
2043 2011 2052 2040 t

138 2067 172 2089 “
194 2063 470 2129 multoque
496 2062 673 2129 plures
702 2080 765 2113 ex
791 2062 897 2112 illis
923 2062 980 2112 in
1006 2062 1165 2113 fluvio
1199 2062 1427 2113 demersi
1457 2062 1623 2124 fuere,
1667 2080 1828 2128 quam
1861 2062 1915 2112 in
1945 2062 2055 2113 acie

139 2139 172 2162 “
196 2134 447 2185 cecidere.
524 2134 828 2201 Norregani
862 2151 985 2184 vero
1020 2134 1137 2184 loco
1174 2133 1520 2184 dominantur
1544 2134 1766 2196 funeris,
1800 2140 1870 2196 et,
1913 2134 2053 2185 obsi-

140 2210 172 2233 “
194 2206 346 2256 dibus
376 2206 424 2256 cl
449 2206 514 2256 de
540 2206 783 2256 Eboraca
816 2206 1061 2272 sumptis,
1102 2205 1167 2256 ad
1205 2223 1364 2256 naves
1397 2205 1738 2272 repedarunt,
1771 2205 1970 2257 relictis
1998 2206 2057 2257 in

139 2282 173 2304 “
195 2296 257 2329 ea
281 2278 345 2328 de
372 2277 478 2328 suis
508 2276 570 2327 cll
596 2277 924 2340 obsidibuS,’'
965 2283 1060 2328 etc.

248 2350 515 2399 “Interea
552 2349 683 2399 dum
718 2348 831 2399 haec
873 2354 1174 2415 agerentur,
1215 2355 1269 2400 et
1305 2366 1398 2399 rex
1430 2365 1614 2399 omnes
1650 2348 1894 2399 inimicos
1931 2367 2054 2400 suos

139 2425 173 2448 ‘⁶
196 2426 498 2471 autumaret
525 2420 746 2471 detritos
774 2420 952 2483 fuisse,
983 2420 1295 2470 nuntiatum
1321 2426 1401 2470 est
1427 2421 1475 2470 ei
1501 2420 1893 2483 Willelmum,”
1931 2439 2056 2471 con-

138 2492 415 2542 sobrinum
434 2492 572 2558 regis
595 2492 891 2553 Eadwardi,
913 2498 966 2542 et
994 2497 1028 2519 “
1045 2492 1294 2542 comitem
1317 2492 1489 2558 gentis
1510 2492 1910 2555 Normannicae,
1934 2511 2056 2543 cum

139 2569 173 2591 ‘⁶
193 2564 472 2615 innumera
496 2562 838 2614 multitudine
859 2563 1118 2630 equitum,
1139 2563 1634 2625 fundibalariorum,
1657 2564 2056 2631 sagittariorum

140 2636 540 2702 “peditumque
586 2635 875 2698 advenisse,
929 2641 1116 2715 utpote
1159 2636 1251 2702 qui
1290 2636 1355 2686 de
1389 2641 1502 2686 tota
1536 2635 1715 2686 Gallia
1750 2636 1851 2687 sibi
1890 2636 2055 2687 fortes

138 2712 173 2736 ‘⁶
196 2707 497 2758 auxiliarios
526 2707 868 2769 conduxerat,
908 2713 962 2757 et
991 2707 1048 2757 in
1074 2708 1191 2758 loco
1228 2707 1319 2774 qui
1349 2707 1649 2758 Pevenesea
1682 2707 1878 2758 dicitur
1903 2727 2053 2759 suam

135 2783 168 2806 “
191 2779 411 2830 classem
439 2778 760 2858 appulissef'

247 2851 358 2901 Utm
403 2858 581 2901 autem
632 2850 830 2901 sciatur
873 2850 1022 2917 origo
1074 2868 1246 2901 causae
1296 2869 1400 2918 qua
1439 2851 1747 2902 WVillelmus
1799 2852 2055 2918 Angliam

137 2923 278 2973 bello
316 2922 556 2989 appetiit,
589 2922 819 2973 breviter
859 2941 978 2989 quae
1018 2923 1178 2989 paulo
1211 2929 1334 2973 ante
1369 2929 1520 2989 gesta
1559 2930 1684 2973 sunt
1724 2930 2052 2991 repetantur.

137 2995 271 3046 Orto
297 2994 438 3044 inter
462 3012 641 3060 regem
669 2994 1024 3045 Eadwardum
1064 3001 1118 3045 et
1153 2995 1402 3046 comitem
1436 2994 1758 3045 Godwinum
1788 2996 1952 3062 gravi,
1992 3002 2054 3046 ut

137 3066 528 3133 supra-dictum
570 3072 668 3127 est,
707 3066 948 3127 discidio,
987 3067 1110 3117 exul
1156 3066 1221 3117 ab
1261 3066 1461 3133 Anglia
1502 3084 1624 3117 cum
1660 3067 1767 3117 suis
1804 3068 2052 3118 omnibus

137 3139 329 3189 Comes
358 3137 655 3205 expellitur.
733 3138 835 3189 Cui
868 3138 1208 3204 postmodum
1245 3139 1474 3205 gratiam
1507 3139 1646 3205 regis
1674 3139 1966 3206 requirenti
1993 3147 2053 3189 ut

138 3209 186 3260 ei
228 3209 517 3276 repatriare
566 3209 766 3271 liceret,
821 3210 971 3260 nullo
1016 3210 1174 3261 modo
1214 3228 1305 3260 rex
1351 3211 1660 3261 concordari
1708 3211 1895 3274 voluit,
1947 3211 2053 3261 nisi

136 3281 325 3347 primo,
365 3281 556 3347 quibus
593 3280 695 3331 sibi
734 3281 987 3332 securitas
1029 3288 1324 3348 pararetur,
1364 3282 1571 3332 obsides
1614 3282 1850 3333 haberet.
1931 3283 2052 3334 Qua

139 3352 203 3403 de
248 3369 408 3403 causa
451 3352 759 3415 Wlnothus,
811 3353 951 3403 filius
1000 3353 1167 3420 ipsius
1221 3354 1484 3416 Godwini,
1543 3361 1597 3405 et
1649 3355 1863 3417 Hacun,
1910 3355 2049 3404 filius

217 3476 235 3501 ἢ
265 3476 334 3516 On
353 3477 427 3517 the
446 3477 665 3528 expulsion
685 3478 732 3518 of
756 3479 873 3519 'Posti
894 3480 1002 3519 from
1021 3480 1095 3520 the
1115 3480 1311 3521 earldom.

220 3529 230 3553 ²
260 3531 349 3570 'Phe
369 3531 499 3571 battle
518 3545 600 3572 was
619 3534 664 3572 at
682 3533 852 3574 VVater-
855 3534 1045 3584 Fulford,
1076 3548 1178 3575 near
1198 3535 1332 3575 Yotk.

228 3585 378 3624 ”This
409 3588 589 3625 account
620 3587 664 3626 of
689 3587 762 3627 the
793 3588 1040 3640 conflicting
1070 3589 1214 3629 claims
1245 3591 1291 3629 of
1316 3589 1479 3632 Harold
1509 3590 1591 3631 and
1623 3590 1814 3631 William
1841 3588 1875 3627 is
1904 3588 2050 3641 copied

136 3592 244 3680 from
266 3639 605 3689 Ead11101‚Hist-
627 3640 736 3682 Nov
743 3656 839 3694 „pp
862 3646 900 3692 4,
923 3645 973 3689 5;
1004 3644 1065 3684 ed.
1089 3644 1252 3686 Selden.

1698 3750 1700 3752 ,
1736 3717 1766 3748 G
