2384 4126
721 390 845 422 vrrA
884 389 924 423 s.
968 389 1307 422 MARGARETAE
1349 389 1587 424 REGINAE.
2006 377 2110 425 243

1066 556 1231 606 VIII.

194 666 453 724 Quomodo
494 683 555 716 ea
591 684 701 732 quoe
733 672 916 717 eontra
944 666 1107 732 fidem
1134 673 1184 718 et
1217 673 1411 718 sanotoe
1438 669 1663 719 eoelesioe
1690 670 2108 719 consuetudinem

212 738 436 803 ayebaut
470 738 893 806 [eradicaverit],
923 745 973 789 et
1000 740 1073 789 ad
1095 741 1328 806 reyulam
1355 739 1646 807 [reducere]
1678 758 1772 793 con
1785 741 2080 808 [sueverff]

296 864 607 931 xReligiosa,
659 870 712 914 et
762 865 879 915 Deo
929 865 1092 931 digna
1146 865 1347 932 regina,
1401 883 1523 916 cum
1576 872 1772 929 mente,
1823 867 2001 929 verbo,
2054 872 2107 917 et

190 935 347 985 factis
379 935 444 985 ad
480 936 742 987 caelestem
784 936 1012 1003 patriam
1050 937 1312 999 tenderet,
1354 937 1515 988 etiam
1548 939 1679 989 alios
1714 956 1894 990 secum
1931 938 1989 988 in
2023 938 2109 988 via

189 1006 535 1057 immaculata
573 1007 835 1058 invitabat
869 1008 963 1070 ire,
1006 1026 1109 1075 quo
1145 1026 1322 1059 secum
1359 1015 1575 1076 possent
1612 1010 1678 1061 ad
1715 1028 1895 1061 veram
1938 1010 2106 1060 beati-

188 1078 432 1129 tudinem
472 1079 760 1145 pervenire.
857 1080 1068 1130 Malum
1105 1097 1227 1130 cum
1262 1080 1481 1143 videret,
1522 1081 1800 1133 admonuit
1834 1089 1896 1132 ut
1934 1081 2106 1132 bonus

190 1150 342 1200 fieret
361 1172 375 1213 3
417 1150 637 1212 bonum,
678 1157 739 1201 ut
770 1151 957 1202 melior
988 1151 1238 1203 existeret
1255 1173 1268 1214 3
1312 1153 1604 1216 meliorem,
1647 1160 1707 1204 ut
1734 1154 1968 1221 optimus
1995 1171 2108 1204 esse

191 1221 444 1272 studeret.
538 1222 716 1274 Quam
755 1222 859 1273 fide
899 1223 1210 1290 Apostolica
1242 1223 1534 1275 ferventem
1573 1225 1714 1276 zelus
1758 1226 1946 1276 domus
1985 1225 2106 1287 Dei,

193 1310 309 1359 quae
335 1299 416 1343 est
442 1294 681 1356 ecclesia,
710 1295 941 1345 comedit
963 1316 971 1345 :
999 1295 1141 1345 unde
1163 1312 1372 1362 quoque
1391 1296 1596 1359 illicita,
1619 1315 1734 1364 quae
1760 1297 1819 1347 in
1845 1315 1907 1348 ea
1930 1297 2108 1364 pullu-

190 1364 448 1428 laverant,
490 1365 755 1416 eradicare
795 1366 1009 1432 penitus
1042 1366 1318 1418 laboravit.
1397 1368 1531 1418 Cum
1570 1369 1713 1418 enim
1741 1375 1927 1420 contra
1951 1375 2110 1419 rectae

191 1436 312 1486 fidei
356 1437 597 1503 regulam
638 1443 691 1487 et
729 1444 968 1488 sanctam
1012 1438 1324 1488 universalis
1368 1439 1604 1490 ecclesiae
1649 1440 2108 1502 consuetudinem,

192 1507 365 1558 multa
388 1508 447 1557 in
477 1508 659 1574 [gente
684 1508 776 1559 illa
801 1509 915 1560 fieri
940 1510 1310 1576 perspexisset,
1340 1510 1523 1561 crebra
1550 1512 1790 1562 Concilia
1815 1512 2005 1562 statuit
2030 1517 2110 1573 ut,

192 1579 586 1646 quoquomodo]
616 1580 831 1643 valeret,
851 1580 918 1630 ad
933 1581 1172 1631 veritatis
1190 1581 1331 1631 viam
1353 1588 1608 1645 errantes,
1627 1583 1842 1633 Christo
1858 1584 2110 1644 donante,

190 1651 485 1702 reduceret.
565 1652 808 1703 Quorum
835 1652 1199 1702 Conciliorum
1224 1652 1359 1703 illud
1387 1653 1590 1703 caeteris
1627 1654 1970 1721 principalius
1999 1672 2112 1705 esse

193 1728 421 1785 constat,
461 1723 518 1772 in
545 1741 649 1789 quo
676 1723 807 1785 sola,
849 1740 970 1773 cum
1004 1723 1339 1790 paucissimis
1378 1742 1616 1787 suorum,
1657 1732 1843 1776 contra
1869 1744 2113 1793 perversa

193 1794 591 1845 consuetudinis
620 1800 921 1856 assertoreS,
956 1796 1137 1861 yladz'o
1167 1796 1416 1861 Spiritus,
1458 1797 1596 1862 quod
1628 1803 1705 1848 est
1730 1799 1939 1848 verbum
1964 1799 2113 1859 Deis!

191 1865 371 1916 triduo
399 1865 702 1916 dimicabat.
780 1867 1034 1917 Crederes
1063 1867 1282 1918 alteram
1304 1867 1381 1918 ibi
1410 1868 1676 1919 Helenam
1702 1870 1948 1931 residere,
1972 1869 2110 1935 quia,

193 1937 331 1987 sicut
370 1937 464 1988 illa
509 1938 776 2004 quondam
819 1938 1217 2005 Scripturarum
1262 1940 1540 1990 sententiis
1594 1941 1829 2002 Judaeos,
1869 1941 2115 1991 similiter

194 2026 338 2059 nunc
380 2015 433 2060 et
473 2009 587 2059 haec
621 2010 807 2076 regina
841 2010 1140 2060 convicerat
1175 2028 1440 2061 erroneos
1520 2011 1626 2062 Sed
1652 2012 1709 2062 in
1734 2012 1836 2063 hoc
1864 2013 2112 2063 conflictu

193 2098 286 2131 rex
315 2081 426 2147 ipse
458 2081 669 2148 adjutor
706 2081 782 2148 [et
817 2081 1112 2148 praecipuus
1150 2082 1414 2133 residebat
1431 2104 1446 2145 ,·
1489 2083 1861 2151 quodcumque
1892 2084 1950 2134 in
1980 2084 2103 2150 hac]

195 2169 355 2202 causa
378 2152 472 2203 illa
504 2153 766 2219 jussisset,
805 2153 1002 2219 [dicere
1040 2153 1431 2221 paratissimus]
1468 2161 1521 2205 et
1546 2155 1736 2206 facere.
1815 2155 1942 2218 Qui,
1982 2173 2111 2222 quo-

193 2223 339 2273 niam
383 2224 615 2290 perfecte
658 2224 959 2290 Anglorum
1002 2224 1244 2291 linguam
1287 2243 1436 2292 aeque
1472 2244 1532 2276 ac
1571 2227 1841 2293 propriam
1876 2233 2112 2289 noverat,

194 2295 635 2361 vigilantissimus
677 2295 736 2345 in
769 2296 871 2346 hoc
912 2296 1153 2346 Concilio
1197 2296 1476 2363 utriusque
1519 2298 1683 2364 partis
1722 2298 1985 2364 interpres
2024 2316 2110 2349 ex-

195 2366 395 2417 titerat.
486 2366 665 2433 Igitur
706 2367 909 2433 regina,
949 2367 1260 2433 praefatione
1301 2368 1588 2434 praemissa,
1627 2376 1689 2420 ut
1730 2369 1822 2436 qui
1864 2387 1986 2420 cum
2026 2388 2111 2420 ca-

194 2438 394 2488 tholica
419 2438 639 2488 ecclesia
664 2438 721 2488 in
747 2456 856 2489 una
880 2439 983 2489 fide
1009 2439 1105 2488 uni
1131 2439 1245 2489 Deo
1273 2440 1547 2502 servirent,
1588 2440 1654 2491 ab
1682 2442 1865 2492 eadem
1892 2441 2115 2492 ecclesia

195 2510 345 2560 novis
386 2509 704 2576 quibusdam
751 2515 803 2560 et
847 2510 1140 2577 peregrinis
1183 2510 1614 2562 institutionibus
1663 2512 1962 2579 discrepare
2005 2530 2115 2563 non

197 2581 471 2643 deberent,
527 2580 760 2647 primum
816 2582 1106 2649 proposuit,
1168 2582 1641 2649 Quadragesimale
1685 2584 1955 2651 jejunium
2006 2602 2115 2634 non

195 2652 436 2719 legitime
479 2652 773 2715 observare,
814 2653 936 2719 quia
976 2653 1078 2704 hoc
1121 2671 1231 2703 non
1272 2670 1393 2704 cum
1435 2660 1630 2724 sancta(
1656 2655 1855 2722 ubique
1893 2656 2115 2707 ecclesia

201 2763 385 2774 .....
390 2757 427 2773 ·.
461 2764 470 2774 .
505 2763 514 2773 .
548 2724 607 2773 in
664 2724 835 2791 capite
889 2725 1103 2791 jejunii,
1162 2724 1364 2776 scilicet
1394 2766 1404 2777 .
1437 2765 1447 2777 .
1479 2766 1489 2776 .
1521 2765 1532 2777 .
1565 2766 1574 2776 .
1612 2727 1925 2794 septimana,
1983 2727 2116 2777 feria

197 2795 446 2857 secunda,
498 2801 881 2847 consueverant
928 2796 1198 2847 inchoare.
1292 2797 1495 2847 Contra
1542 2798 1654 2860 illi3
1722 2803 1756 2825 “
1778 2799 1811 2849 J
1816 2799 2114 2866 ejunium,”

196 2867 464 2934 inquiunt,
519 2871 553 2894 “
575 2867 715 2933 quod
761 2867 969 2934 agimus
1006 2868 1332 2934 Evangelica
1376 2870 1711 2933 auctoritate,
1756 2889 1873 2937 quae
1914 2870 2116 2922 Christi

197 2943 435 2988 “narrat
464 2938 751 3006 jejunium,
790 2956 886 3005 per
920 2957 1012 2990 sex
1052 2939 1374 2990 ebdomadas
1415 2940 1812 2993 observam11S.”
1888 2943 1963 2992 At
2003 2942 2115 3004 illa,

198 3014 232 3038 “
254 3010 495 3075 Longe,”
544 3010 635 3072 ait,
683 3010 796 3060 “in
839 3010 940 3061 hoc
983 3011 1276 3077 Evangelio
1322 3011 1665 3064 discorda-tis:
1724 3013 1922 3079 legitur
1972 3013 2115 3064 enim

198 3086 233 3109 “
253 3081 345 3143 ibi,
377 3080 671 3132 Dominum
699 3081 1054 3148 quadraginta
1078 3082 1264 3133 diebus
1286 3083 1574 3150 jejunasse,
1603 3085 1743 3152 quod
1768 3085 2116 3135 manifestum

199 3157 234 3181 ‘⁶
257 3158 336 3203 est
361 3170 453 3202 vos
478 3170 589 3203 non
612 3152 802 3204 facere.
878 3153 1026 3203 Nam
1057 3172 1179 3204 cum
1221 3172 1314 3220 per
1348 3172 1436 3204 sex
1463 3155 1783 3206 ebdomadas
1810 3174 1900 3207 sex
1928 3157 2114 3207 Domi-

198 3229 233 3252 “
253 3223 362 3274 nici
403 3223 515 3274 dies
557 3242 587 3273 a
611 3223 818 3290 jejunio
855 3224 1258 3286 abstrahuntur,
1299 3225 1524 3292 triginta
1557 3233 1772 3277 tantum
1807 3233 1860 3278 et
1887 3245 1977 3278 sex
2004 3228 2115 3278 dies

200 3299 234 3322 “
257 3295 323 3345 ad
362 3294 717 3361 jejunandum
756 3313 1030 3347 remanere
1074 3302 1387 3347 noscuntur.
1465 3298 1594 3348 Non
1635 3316 1761 3365 ergo
1793 3299 2118 3364 Evangelica

199 3372 234 3395 “
256 3365 573 3416 auctoritate
614 3366 985 3431 quadraginta,
1026 3367 1117 3418 sed
1161 3367 1387 3433 triginta
1426 3374 1480 3419 et
1525 3387 1615 3419 sex
1656 3369 1860 3420 dierum
1906 3375 2117 3420 constat

200 3442 235 3465 “
255 3454 347 3487 vos
374 3436 649 3486 observare
669 3437 953 3504 jejunium.
1032 3440 1222 3489 Restat
1241 3439 1422 3505 itaque
1441 3446 1504 3489 ut
1525 3447 1754 3506 quatuor
1780 3439 1965 3490 diebus
1994 3447 2117 3490 ante

200 3512 233 3535 “
257 3507 692 3573 Quadragesimae
731 3508 946 3559 initium
985 3510 1231 3576 jejunare
1275 3510 1555 3561 nobiscum
1597 3510 1880 3578 incipiatiS,
1922 3511 1966 3560 si
2005 3512 2114 3561 Do-

521 3662 541 3679 α’
570 3655 662 3695 Rea
682 3655 819 3696 letter.
1107 3629 1109 3631 ’
1258 3664 1278 3688 u
1308 3657 1386 3708 Ep.
1408 3657 1460 3696 aa
1479 3657 1633 3708 Ephes.
1655 3657 1708 3697 vi.
1734 3655 1831 3763 172

1731 3729 1765 3761 R
