2384 4126
792 405 1049 439 HISTORIA
1088 404 1298 438 REGUM.
1934 390 2003 440 27

97 532 346 600 quicquid
370 532 604 594 vidisset,
645 530 848 598 quodve
873 529 1187 581 mandatum
1215 529 1263 580 ei
1289 528 1492 580 deferre
1513 529 1693 597 jussus
1720 535 1874 591 esset,
1912 547 2007 596 per

93 604 334 655 ordinem
359 603 408 654 ei
431 603 703 654 indicavit.
784 602 892 654 Qui
918 602 1070 653 laetus
1098 601 1384 651 admodum
1420 600 1658 663 effectUS,
1698 601 2006 651 convocavit

93 676 377 743 plurimam
403 675 584 742 populi
608 673 1026 736 multitudinem,
1058 691 1172 724 rem
1198 678 1383 723 notam
1410 672 1484 723 eis
1510 671 1726 735 faciens,
1761 671 2007 738 diemque

99 747 286 798 statuit
320 765 423 813 quo
449 746 775 797 venerabiles
800 745 1051 811 reliquias
1076 744 1444 795 transferrent.
1520 743 1624 794 Die
1652 760 1777 810 ergo
1804 748 2009 794 statuta

96 818 371 885 presbyter
397 818 645 886 praefatus
672 817 738 868 ad
765 817 1062 884 sepulcrum
1099 815 1371 879 accedens,
1413 815 1548 865 illud
1589 833 1620 865 a
1658 820 1802 866 terra
1840 814 2006 866 denu-

99 889 212 940 dari
248 889 511 956 praecepit.
590 888 750 940 Quod
788 906 908 939 cum
946 888 1149 938 factum
1187 893 1343 949 esset,
1384 886 1669 954 adjuvante
1696 904 1751 937 se
1777 886 1889 936 viro
1914 886 2008 937 illo

98 961 184 1012 cui
207 961 460 1012 revelatio
484 960 626 1011 facta
649 960 840 1022 fuerat,
880 959 1197 1027 populorum
1222 958 1394 1009 turbis
1420 958 1546 1008 hinc
1570 957 1696 1008 inde
1722 958 2007 1022 stantibus,

96 1032 396 1083 veneranda
433 1049 551 1082 ossa
591 1031 654 1082 de
694 1031 903 1082 tumulo
945 1030 1176 1097 collegit,
1215 1030 1525 1097 lintheoque
1565 1029 1806 1080 involuta
1850 1047 1909 1081 ac
1952 1030 2010 1080 in

97 1103 289 1155 scrinio
313 1103 588 1154 recondita
613 1120 769 1170 super
793 1103 1050 1154 feretrum
1078 1101 1370 1153 collocavit.
1449 1102 1522 1151 Et
1561 1101 1684 1168 quia
1715 1118 1811 1168 pro
1845 1106 2010 1153 tantae

98 1175 437 1226 veneratione
481 1174 587 1225 diei
630 1180 1015 1225 sacro-sanctas
1058 1173 1259 1224 hostias
1302 1173 1537 1224 Domino
1580 1173 1838 1224 offerendi
1880 1173 2013 1224 hora

97 1246 398 1309 transierat,
438 1252 729 1313 posuerunt
768 1264 891 1296 eum
924 1251 1080 1296 nocte
1113 1245 1253 1295 illa
1239 1263 1297 1294 111
1322 1245 1532 1312 porticu
1559 1244 1744 1295 Sancti
1770 1245 1917 1296 Petri
1944 1245 2011 1295 ad

99 1318 413 1369 orientalem
438 1318 687 1397 plagam'
674 1317 839 1385 lpsius
866 1316 1098 1369 ecclesiae
1126 1316 1628 1383 Haugustaldensis,
1656 1317 1899 1383 sequenti
1925 1316 2010 1368 die

101 1407 222 1440 611111
262 1389 498 1452 canticis,
539 1395 592 1440 et
629 1388 861 1457 hymnis,
908 1394 961 1440 et
1001 1388 1282 1439 missarum
1325 1387 1595 1439 solemniis
1635 1388 1693 1437 in
1732 1388 2011 1440 ecclesiam

99 1461 253 1511 illum
279 1430 506 1512 transfei
510 1478 564 1512 re
590 1466 901 1511 statuentes.

208 1533 386 1583 Nocte
411 1550 534 1583 vero
559 1532 652 1582 illa
676 1532 960 1599 praedictus
987 1531 1228 1582 sacerdos
1256 1530 1503 1582 excubias
1529 1530 1668 1581 circa
1683 1530 2012 1583 venerabiles

103 1604 354 1670 reliquias
395 1621 515 1654 cum
557 1603 760 1654 clericis
804 1603 912 1653 suis
952 1602 1243 1664 celebranS,
1290 1602 1495 1653 caeteris
1537 1602 1645 1652 alto
1690 1620 1875 1653 somno
1921 1603 2010 1654 de-

104 1675 314 1743 pressis,
357 1675 611 1726 accedens
653 1674 766 1741 ipse
810 1674 1064 1725 scrinium
1110 1674 1332 1740 aperuit,
1374 1691 1648 1740 unumque
1687 1674 1753 1725 de
1790 1674 2014 1725 minutis

104 1747 325 1809 ossibus,
362 1752 569 1813 partem
593 1746 840 1797 videlicet
878 1745 1034 1812 digiti
1072 1745 1249 1808 unius,
1293 1745 1535 1796 clanculo
1571 1744 1816 1796 auferens
1849 1763 2013 1812 penes

104 1836 159 1870 se
184 1818 435 1885 reposuit,
465 1817 682 1884 cupiens
706 1817 841 1867 illud
868 1816 1102 1868 ecclesiae
1129 1816 1314 1867 Sancti
1341 1816 1626 1868 Cuthberti
1659 1817 2015 1868 Dunelmensi

105 1890 171 1941 ad
206 1890 464 1940 honorem
504 1890 609 1940 Dei
643 1894 696 1940 et
739 1888 923 1940 Sancti
956 1888 1287 1940 Alchmundi
1330 1888 1585 1939 conferre.
1662 1888 1808 1940 Luce
1833 1889 2016 1956 itaque

102 1961 258 2013 terris
307 1961 532 2024 reddita,
597 1960 659 2011 ad
712 1960 1142 2012 transferendum
1193 1977 1382 2027 corpus
1433 1960 1721 2011 almificum
1783 1960 2015 2028 plurima

103 2032 285 2100 populi
310 2032 600 2083 multitudo
627 2032 890 2083 convenit.
970 2032 1212 2098 Cumque
1241 2032 1355 2100 jam
1388 2031 1521 2082 hora
1546 2031 1706 2082 tertia
1732 2032 2013 2099 appropin-

108 2110 310 2171 quaret,
347 2104 571 2172 jubente
595 2103 921 2172 presbyterO,
963 2121 1154 2154 manus
1190 2108 1515 2170 apponentes
1549 2103 1806 2154 feretrum
1839 2104 2014 2155 levare

108 2176 285 2227 conati
310 2182 451 2238 sunt,
481 2175 574 2226 sed
598 2175 733 2225 illud
757 2192 967 2226 movere
993 2174 1214 2226 minime
1231 2175 1495 2226 valebant.
1573 2175 1821 2241 Repulsis
1847 2175 2015 2242 igitur

106 2247 191 2298 his
242 2247 332 2314 qui
379 2246 540 2313 primi
590 2252 935 2308 accesserant,
981 2246 1338 2313 judicatisque
1389 2246 1539 2313 quasi
1592 2246 1827 2313 indignis
1878 2247 2016 2297 tanti

107 2318 273 2386 patris
296 2317 547 2384 reliquias
573 2317 681 2368 suis
707 2317 943 2368 humeris
969 2317 1190 2379 deferre,
1234 2322 1568 2367 accesserunt
1605 2317 1710 2380 alii,
1748 2318 1839 2384 qui
1877 2318 2015 2369 sicut

110 2396 163 2440 et
205 2389 404 2456 priores
448 2406 593 2439 casso
642 2388 822 2439 labore
873 2388 1197 2439 defecerunt.
1273 2388 1483 2439 Deinde
1528 2387 1644 2438 aliis
1695 2394 1747 2439 et
1799 2389 1916 2439 aliis
1961 2408 2016 2441 86

108 2460 492 2527 ingerentibUS,
520 2478 550 2510 a
574 2460 723 2510 nullo
747 2459 960 2526 penitus
984 2459 1184 2510 moveri
1208 2459 1433 2510 valebat.
1510 2459 1708 2510 Animo
1733 2477 1857 2511 vero
1892 2478 2015 2512 con-

111 2530 352 2594 sternati,
397 2549 614 2599 seseque
654 2537 842 2582 mutuo
884 2531 1173 2593 intuentes,
1219 2548 1402 2582 omnes
1449 2531 1540 2598 qui
1584 2531 1804 2582 aderant
1853 2532 2014 2583 mira-

110 2602 307 2654 bantur
348 2602 425 2653 rei
465 2602 758 2653 novitatem
799 2608 1088 2669 stupentes.
1165 2603 1314 2653 Tunc
1353 2602 1595 2653 sacerdos
1628 2603 1771 2653 illius
1804 2610 2017 2655 reatusm

110 2692 165 2725 se
207 2674 383 2741 ipsum
426 2691 639 2725 causam
682 2691 795 2725 esse
834 2673 1094 2737 1168616118,
1135 2673 1443 2724 exhortatus
1484 2680 1565 2725 est
1608 2692 1793 2725 omnes
1836 2676 2015 2726 Deum

113 2745 398 2812 deprecari,
441 2746 690 2812 quatinus
722 2745 830 2795 illis
863 2745 1095 2796 revelare
1129 2744 1442 2811 dignaretur
1474 2763 1569 2812 pro
1597 2763 1701 2813 qua
1735 2747 1889 2813 culpa
1913 2747 2016 2798 hoc

112 2817 186 2868 eis
213 2816 538 2883 contigisset.
613 2818 685 2867 Et
709 2816 912 2867 factum
939 2823 1035 2868 est.
1112 2816 1230 2867 Illis
1258 2823 1436 2868 autem
1461 2817 1518 2867 in
1545 2817 1767 2868 ecclesia
1794 2836 2014 2885 pernoc-

110 2888 366 2951 tantibus,
394 2889 673 2955 Deumque
699 2906 792 2955 pro
812 2889 926 2956 jam
952 2888 1094 2939 dicto
1119 2888 1336 2955 negotio
1372 2889 1732 2951 exorantibUS,
1773 2891 2016 2957 apparuit

108 2959 304 3011 iterum
356 2960 581 3011 Sanctus
624 2960 998 3011 Alchmundus
1042 2960 1214 3011 eidem
1253 2960 1477 3024 homini,
1530 2961 1616 3011 cui
1658 2960 1804 3028 prius
1856 2980 2013 3029 appa-

110 3036 288 3082 ruerat
321 3031 480 3095 intra,
521 3031 658 3083 forte
695 3037 826 3082 tunc
859 3032 998 3082 infra
1039 3031 1316 3082 ecclesiam
1349 3032 1587 3083 irruente
1623 3032 1799 3083 subito
1832 3051 2018 3100 sopore

113 3108 452 3169 praegravato,
517 3108 570 3154 et
632 3121 754 3154 cum
816 3103 1150 3170 aliquantum
1200 3121 1380 3154 severo
1429 3104 1583 3154 vultu
1633 3104 1706 3154 ait
1758 3104 1824 3154 ad
1875 3122 2016 3169 eum,

116 3178 149 3201 “
168 3174 313 3226 Quid
338 3180 417 3225 est
444 3174 583 3241 quod
617 3174 789 3226 facere
814 3175 1094 3226 voluistis?
1169 3175 1406 3225 Putastis
1448 3174 1704 3226 membris
1745 3176 2019 3228 desectum

114 3263 199 3296 me
223 3246 281 3295 in
306 3246 581 3297 ecclesiam
605 3246 817 3309 referre,
844 3247 902 3297 in
929 3265 1033 3313 qua
1057 3247 1174 3297 Deo
1202 3252 1254 3297 et
1283 3248 1480 3298 Sancto
1506 3247 1736 3298 Andreae
1760 3248 2020 3314 Apostolo

115 3317 248 3384 Ejus
286 3316 496 3384 integro
538 3335 752 3384 corpore
791 3324 845 3369 et
882 3318 1073 3385 spiritu
1113 3318 1338 3369 servivi?
1416 3319 1585 3385 Surge
1628 3336 1770 3385 ergO,
1805 3326 1858 3370 et
1895 3338 2018 3371 con-

115 3393 310 3439 testare
351 3406 529 3439 coram
572 3389 719 3440 omni
761 3390 955 3456 populo
998 3395 1060 3440 ut
1104 3389 1311 3456 corpori
1349 3407 1469 3441 11160
1511 3389 1668 3441 6111118
1707 3390 2022 3442 restituatur

118 3459 256 3525 quod
281 3459 579 3512 inconsulte
613 3460 737 3511 inde
777 3461 1016 3511 ablatum
1055 3466 1152 3523 est,
1194 3461 1429 3528 alioquin
1462 3479 1548 3512 me
1584 3461 1648 3512 de
1682 3461 1799 3511 loco
1833 3462 1890 3511 in
1917 3480 2021 3527 quo

116 3547 258 3581 nunc
285 3549 402 3581 sum
427 3532 732 3583 nullatenus
758 3550 968 3583 movere
993 3532 1290 3599 1101611118.υ
1367 3533 1440 3583 Ε1
1475 3550 1597 3583 611111
1637 3532 1750 3583 haec
1785 3532 2020 3596 dixisset,

691 3682 717 3699 ”⁸
748 3675 849 3715 This
870 3675 984 3715 word
1003 3674 1038 3714 is
1057 3687 1110 3713 an
1130 3672 1458 3714 interlineation.
