2384 4126
675 390 800 422 VITA
839 390 879 422 s.
922 388 1263 422 MARGARETAE
1303 388 1539 422 REGINAE.
1965 376 2071 425 239

156 512 223 564 ob
259 515 448 566 animae
478 515 725 566 videlicet
762 515 902 581 regis
941 521 995 566 et
1030 532 1138 566 suae
1171 514 1614 581 redemptionem,
1656 520 1814 582 atque
1842 515 1908 566 ad
1933 516 2071 566 obti-

155 587 388 636 nendam
439 605 547 637 suae
598 587 767 637 soboli
817 587 939 637 vitae
982 586 1255 653 praescntis
1297 593 1350 637 et
1400 587 1596 638 futurae
1645 587 2072 654 prosperita-tem.

158 658 336 708 Quam
376 658 651 709 ecclesiam
684 659 888 709 diversa
919 665 1355 708 ornamentorum
1391 659 1564 724 specie
1596 658 1893 720 decoravit,
1934 659 2075 709 inter

158 747 293 794 (11136,
332 730 397 780 ad
422 730 596 797 ipsum
624 738 1020 780 sacrosanctum
1050 730 1231 780 altaris
1265 730 1642 793 ministerium,
1679 748 1788 780 non
1813 747 1985 797 pauca
2012 748 2074 780 cx

158 800 326 851 solido
368 819 428 852 ac
469 820 601 868 puro
638 819 767 852 auro
805 820 929 852 vasa
965 801 1129 852 fuisse
1167 807 1481 863 noscuntur,
1523 819 1640 868 (11136
1683 807 1837 852 tanto
1879 802 2074 852 certius

153 890 308 923 nosse
346 879 603 939 poteram,
637 879 837 940 quanto
864 880 1073 935 cuncta,
1108 873 1334 940 jubente
1364 873 1566 940 regina,
1596 891 1694 940 ego
1725 873 1836 940 ipse
1872 873 2074 923 diutius

156 943 354 994 ibidem
391 945 646 995 servanda
681 962 1031 1011 susceperam.
1110 945 1338 995 Crucem
1380 963 1606 1012 quoque,
1645 944 2076 1024 incomparabilis

156 1016 330 1082 pretii,
358 1016 646 1082 imaginem
678 1017 801 1067 Salv
789 1016 966 1067 atoris
993 1016 1296 1079 habentem,
1340 1034 1498 1083 quam
1535 1035 1662 1068 auro
1697 1016 1984 1083 purissimo
2023 1022 2076 1067 ct

159 1094 380 1154 argento
424 1088 868 1139 interlucentibus
916 1088 1139 1155 gemmis
1180 1088 1363 1138 vestiri
1406 1089 1621 1151 fecerat,
1666 1088 1868 1139 ibidem
1913 1088 2074 1139 collo-

159 1159 315 1222 cavit,
371 1178 488 1227 quae
525 1160 861 1211 intuentibus
900 1160 1074 1227 palam
1121 1160 1244 1211 fidei
1286 1160 1398 1226 ejus
1438 1161 1776 1211 devotionem
1813 1151 2076 1227 hodieque

158 1231 506 1282 demonstrat.
591 1232 851 1283 Similiter
901 1238 954 1282 et
1003 1232 1062 1281 in
1113 1231 1229 1282 aliis
1280 1232 1577 1299 quibusque
1629 1232 1865 1283 ecclesiis
1915 1249 2077 1282 sacrae

160 1302 456 1353 devotionis
507 1309 560 1354 et
610 1303 732 1354 fidei
777 1303 963 1370 sig[na
1006 1303 1254 1370 reliquit:
1297 1304 1439 1370 quod
1482 1304 1702 1354 ecclesia
1749 1305 1802 1354 S.
1845 1303 2077 1354 Andreae

158 1375 507 1442 contesta]ta,
536 1375 805 1443 cruci[fixi
831 1375 1278 1437 venustissimam,
1317 1383 1477 1442 quam
1516 1375 1738 1442 ibidem]
1775 1376 1890 1443 ipsa
1927 1393 2074 1426 erex-

160 1452 292 1508 erat,
339 1447 474 1497 sicut
517 1447 672 1497 hodie
717 1447 993 1513 [cernitur,
1035 1447 1173 1513 serv]
1189 1453 1243 1496 at
1287 1446 1594 1513 imaginem.
1674 1447 1779 1497 His
1812 1447 1991 1509 rebUS,
2018 1447 2075 1497 id

158 1524 239 1568 est
280 1536 397 1584 (11136
442 1518 507 1568 ad
552 1519 760 1569 Divinae
802 1518 1070 1569 servitutis
1117 1519 1322 1569 cultum
1372 1518 1731 1585 pertinebant,
1782 1537 2077 1585 numquam

157 1607 323 1640 vacua
349 1596 462 1641 erat
487 1590 630 1641 illius
660 1608 896 1652 camera,
940 1608 1074 1656 quae,
1113 1596 1174 1640 ut
1214 1590 1291 1640 ita
1333 1590 1526 1652 dicam,
1570 1591 1810 1657 quaedam
1850 1590 2074 1641 caelestis

159 1662 371 1712 artificii
405 1662 683 1712 videbatur
717 1680 830 1712 6556
871 1662 1096 1712 officina.
1174 1661 1261 1712 Ibi
1303 1679 1481 1728 cappae
1523 1668 1818 1724 cantorum,
1865 1662 2075 1724 casulae,

157 1734 324 1796 stolae,
362 1733 559 1794 *altaris
610 1734 788 1800 pallia,
842 1733 944 1783 alia
995 1750 1204 1800 quoque
1253 1734 1574 1783 vestimenta
1624 1733 1973 1784 sacerdotalia
2023 1740 2077 1784 et

156 1805 392 1856 ecclesiae
428 1823 635 1872 semper
673 1805 992 1856 videbantur
1032 1812 1362 1856 ornamenta.
1437 1805 1564 1855 Alia
1588 1823 1754 1855 manu
1789 1805 2077 1872 [artificum

154 1877 509 1944 parabantur,
551 1876 706 1944 alia],
740 1878 855 1944 jam
893 1882 1094 1944 parata,
1138 1876 1489 1927 admiratione
1528 1877 1692 1944 digna
1720 1876 2075 1928 habebantur.

160 1949 263 2000 His
290 1949 539 2015 operibus
565 1948 777 1999 feminae
802 1948 1215 2015 deputabantur,
1245 1966 1361 2015 (11136
1386 1954 1520 1999 natu
1544 1948 1771 2011 nobiles,
1808 1954 1861 2000 et
1889 1949 2079 1999 sobriis

157 2020 394 2071 moribus
438 2020 757 2088 probabiles,
800 2020 1056 2071 interesse
1102 2020 1300 2087 reginae
1344 2020 1609 2087 obsequiis
1657 2020 1832 2087 dignae
1870 2021 2076 2088 judica-

157 2093 371 2143 bantur.
447 2092 648 2142 Nullus
684 2092 748 2142 ad
786 2110 873 2143 eas
899 2092 1135 2142 virorum
1169 2091 1424 2143 introitus
1460 2098 1591 2154 erat,
1633 2091 1739 2142 nisi
1775 2110 1905 2160 quos
1945 2092 2077 2159 ipsa,

158 2183 280 2215 cum
324 2164 596 2214 interdum
642 2164 707 2214 ad
750 2164 868 2214 illas
914 2164 1159 2225 intraret,
1213 2181 1395 2214 56611111
1438 2164 1663 2215 introire
1713 2164 2077 2230 permittebat.

158 2236 329 2287 Nulla
354 2236 429 2286 eis
461 2236 746 2286 inhonesta
785 2253 907 2285 cum
933 2235 1057 2286 viris
1092 2235 1447 2297 familiaritas,
1489 2235 1641 2285 nulla
1681 2253 1919 2302 unquam
1956 2253 2078 2286 cum

159 2307 457 2375 petulantia
481 2307 687 2358 levitas.
765 2307 949 2357 Inerat
990 2307 1132 2357 enim
1168 2306 1367 2373 reginae
1401 2312 1554 2357 tanta
1592 2324 1714 2357 cum
1742 2307 2077 2374 jocunditate

162 2379 431 2441 severitaS,
458 2384 611 2429 tanta
631 2396 751 2429 611111
779 2378 1058 2429 Severitate
1078 2378 1404 2445 jocunditaS,
1425 2385 1487 2428 ut
1514 2396 1698 2428 omnes
1725 2378 1816 2444 qui
1843 2385 1995 2429 erant
2020 2379 2079 2428 in

162 2452 276 2518 ejus
315 2450 585 2530 obsequio,
623 2450 721 2501 viri
758 2456 811 2501 et
849 2449 1080 2512 feminae,
1122 2450 1267 2499 illam
1312 2456 1365 2499 et
1406 2449 1644 2500 timendo
1684 2449 1984 2516 diligerent,
2024 2456 2078 2501 et

161 2523 432 2589 diligendo
457 2522 726 2572 timerent.
806 2522 985 2574 Quare
1018 2521 1075 2571 in
1115 2521 1400 2588 praesentia
1435 2522 1549 2588 ejus
1587 2539 1698 2572 non
1734 2522 1906 2572 solum
1940 2521 2078 2572 nihil

161 2594 516 2646 execrandum
565 2594 755 2654 facere,
808 2593 901 2644 sed
949 2611 1017 2644 ne
1066 2599 1222 2660 turpe
1262 2592 1488 2673 quidem
1530 2593 1751 2643 verbum
1796 2593 2077 2673 quisquam

161 2685 320 2717 ausus
345 2666 519 2716 fuerat
543 2665 794 2732 proferre.
860 2665 986 2731 Ipsa
1012 2665 1156 2715 enim
1181 2664 1309 2714 111111
1312 2681 1427 2715 6153
1451 2664 1509 2714 111
1536 2683 1590 2715 56
1615 2664 1909 2732 reprimens
1929 2665 2075 2727 vitia,

161 2757 284 2789 611111
309 2755 506 2803 magna
539 2737 799 2803 gravitate
832 2736 1132 2799 laetabatur,
1171 2753 1294 2786 cum
1327 2754 1525 2802 magna
1563 2736 1843 2787 honestate
1881 2736 2076 2788 irasce-

160 2811 334 2861 batur.
411 2809 706 2875 Nunquam
744 2808 1013 2858 hilaritate
1051 2807 1218 2858 nimia
1251 2808 1309 2858 in
1348 2808 1668 2858 cachinnum
1705 2808 1896 2870 soluta,
1937 2826 2076 2858 nun-

162 2899 321 2949 quam
360 2880 640 2931 irascendo
682 2880 857 2930 fuerat
899 2879 958 2929 in
998 2879 1232 2930 furorem
1278 2879 1461 2930 effusa.
1540 2880 1824 2931 Interdum
1851 2879 2078 2930 aliorum

160 2953 409 3020 peccatis,
456 2952 562 3002 suis
603 2970 727 3003 vero
772 2969 998 3018 semper,
1041 2951 1387 3012 irascebatur,
1432 2951 1513 3001 ira
1560 2951 1654 3001 illa
1696 2951 1979 3013 laudanda,
2027 2958 2080 3002 et

155 3024 382 3093 justitiae
427 3041 635 3090 semper
676 3023 862 3085 amica,
916 3041 1076 3090 quam
1126 3022 1428 3073 habendam
1477 3022 1728 3090 praecepit
1773 3023 2077 3086 Psalmista,

160 3097 480 3157 Irascimini,
507 3095 698 3162 inquit,
727 3101 776 3146 et
801 3096 960 3146 nolite
974 3104 1252 3160 peccaram
1328 3094 1518 3145 Omnis
1553 3094 1663 3145 vita
1697 3095 1829 3161 ejus,
1871 3112 2079 3145 summo

162 3167 497 3219 discretionis
547 3166 910 3217 moderamine
962 3165 1274 3233 composita,
1339 3165 1580 3232 quaedam
1643 3173 1756 3216 erat
1817 3166 2080 3216 virtutum

161 3240 350 3291 forma.
430 3239 616 3289 Sermo
668 3239 782 3305 ejus
834 3238 943 3288 sale
995 3237 1269 3305 sapientiae
1321 3237 1585 3300 conditus,
1638 3237 1914 3287 silentium
1965 3244 2079 3288 erat

162 3311 382 3379 plenum
405 3309 560 3360 bonis
588 3309 1015 3376 cogitationibus.
1094 3308 1386 3360 Sobrietati
1424 3326 1637 3359 morum
1680 3308 1759 3358 ita
1801 3309 1915 3376 ejus
1960 3327 2078 3375 per-

164 3400 295 3433 sona
345 3380 709 3443 conveniebat,
759 3386 821 3431 ut
872 3381 938 3431 ad
989 3380 1158 3431 solam
1202 3380 1325 3431 vitae
1375 3380 1716 3430 honestatem
1763 3385 1893 3429 nata
1937 3380 2081 3430 credi
2120 3401 2124 3404 ’

107 3457 112 3461 ’
160 3453 437 3521 potuisset.
515 3453 595 3502 Ut
630 3452 833 3519 [autem
872 3452 1046 3502 multa
1078 3451 1311 3503 breviter
1347 3451 1539 3514 dicam,
1581 3451 1640 3501 in
1674 3450 1921 3501 omnibus
1965 3469 2081 3517 quae

162 3683 198 3723 P
243 3637 269 3722 '1¹‘
300 3629 378 3723 Ep
414 3630 464 3670 ad
499 3630 653 3681 Ephes.
688 3629 743 3670 iv,
778 3633 844 3671 26.
914 3630 1005 3670 'Phe
1040 3630 1173 3669 words
1207 3643 1276 3669 316
1314 3630 1435 3669 those
1469 3629 1515 3668 of
1554 3628 1614 3669 St.
1649 3627 1771 3676 Paul,
1814 3628 1891 3666 not
1929 3626 1976 3666 of
2010 3627 2083 3666 the

201 3697 244 3723 sa
261 3697 341 3723 11115
365 3717 372 3725 .
