2384 4126
321 396 425 445 120
937 413 1208 447 SYMEONIS
1248 413 1640 447 DUNELMENSIS

1158 556 1397 590 MCXXIII.

429 631 591 682 Anno
619 631 860 698 M.cxxiij.
940 631 1246 698 Stephanus
1277 649 1454 682 comes
1487 630 1890 692 BononicensiS,
1930 635 2114 697 postea
2151 646 2242 680 rex

320 702 551 770 Angliae,
574 703 721 754 dedit
742 703 925 754 abbati
945 703 1207 754 Gaufrido
1230 704 1569 755 Savinniensi
1583 703 1784 766 villam,
1807 702 2010 754 scilicet
2029 701 2243 763 Tulket,

321 775 379 825 in
410 775 683 842 provincia
725 793 840 842 quae
874 782 1094 826 vocatur
1126 775 1555 842 Agmundernes,
1600 793 1757 842 super
1796 775 1968 841 ripam
2009 772 2246 823 fluminis

323 846 538 910 Ribble,
568 847 633 898 ad
661 846 932 898 abbatiam
960 847 1372 898 construendam
1399 847 1601 898 ordinis
1628 848 1727 910 sui,
1768 853 2008 914 tempore
2036 844 2247 896 Kalixti

323 937 471 986 papae
488 940 502 980 3
545 925 598 970 et
623 918 700 969 ibi
724 919 835 970 fere
861 936 955 986 per
979 925 1089 970 tres
1116 937 1282 970 annos
1309 925 1758 986 permanserunt.²⁴

433 991 549 1041 Rex
579 991 895 1053 Jerusalem,
918 990 1259 1041 Baldewinus
1288 991 1584 1053 Secundus,
1613 991 1752 1058 apud
1772 989 2099 1042 Antiocham
2127 988 2249 1039 dolo

269 1077 281 1090 ·
325 1081 356 1113 a
381 1063 611 1129 Paganis
639 1062 864 1129 capitur,
893 1069 946 1113 et
971 1062 1144 1112 tribus
1170 1062 1280 1113 fere
1308 1063 1462 1113 annis
1487 1069 1702 1114 tenetur
1728 1063 1826 1114 sub
1854 1062 2112 1113 custodia.

436 1135 629 1185 Comes
670 1134 1161 1200 Andegavensium,
1208 1134 1392 1197 Fulco,
1433 1135 1663 1201 reposcit
1709 1153 1740 1185 a
1778 1153 1905 1201 rege
1945 1134 2248 1200 Anglorum

327 1206 567 1257 Henrico
607 1211 795 1268 terras,
835 1205 1013 1268 urbes,
1057 1212 1110 1256 et
1153 1206 1372 1256 castella
1412 1224 1529 1273 quae
1569 1206 1628 1256 in
1664 1206 1845 1257 dot-em
1879 1206 2092 1256 fuerant
2125 1205 2250 1256 data

325 1278 448 1329 filiae
474 1277 642 1344 ipsius
670 1277 897 1340 comitis,
927 1277 1140 1344 quando
1168 1295 1286 1328 eam
1313 1278 1454 1328 filius
1483 1278 1639 1344 regis,
1668 1278 1759 1345 qui
1779 1279 1893 1346 jam
1921 1295 2250 1328 summersus

326 1356 425 1412 est,
467 1355 743 1416 acceperat
782 1366 1018 1400 uxorem.
1098 1349 1260 1401 Quod
1295 1367 1418 1400 cum
1452 1368 1544 1401 rex
1569 1368 1679 1401 non
1705 1350 1937 1400 libenter
1972 1354 2250 1412 annueret,

326 1422 485 1472 aliam
513 1422 678 1472 filiam
707 1440 859 1472 suam
888 1421 1035 1472 dedit
1060 1439 1281 1473 uxorem
1308 1422 1583 1473 Willelmo
1610 1422 1719 1473 filio
1748 1421 2009 1472 Rodberti
2042 1421 2252 1472 comitis

324 1494 786 1557 Normannorum,
839 1493 1019 1544 fratris
1064 1494 1223 1560 regis,
1274 1495 1597 1562 promittens
1642 1494 1829 1562 juveni
1874 1493 2151 1555 auxilium,
2178 1490 2253 1544 ’111

325 1584 662 1634 quacumque
687 1566 745 1616 in
772 1572 921 1633 parte
953 1566 1164 1633 paterni
1199 1566 1416 1618 honoris
1450 1568 1601 1618 fieret
1632 1567 1817 1618 haeres.
1896 1567 2013 1617 Rex
2054 1572 2253 1628 autem,

324 1657 393 1690 ne
429 1638 555 1705 quid
600 1638 806 1689 adversi
847 1656 911 1689 ex
953 1638 1054 1689 hoc
1096 1638 1196 1689 sibi
1231 1645 1525 1705 pararetur,
1569 1639 1755 1690 habito
1797 1657 1919 1689 cum
1962 1638 2071 1688 suis
2114 1638 2254 1704 apud

324 1711 599 1773 WVdestoc,
642 1710 783 1777 quod
815 1710 1010 1761 Latine
1047 1710 1243 1761 dicitur
1279 1711 1545 1761 Silvarum
1572 1712 1765 1774 Locus,
1802 1710 2041 1772 consilio,
2081 1710 2251 1760 filium

326 1801 483 1833 01111111
509 1782 739 1833 11011111111
771 1782 1107 1833 Rodbertum
1140 1788 1193 1833 et
1228 1783 1480 1833 comitem
1516 1784 1855 1834 Cestrensem
1904 1782 2252 1845 Rannulfum,

328 1873 450 1905 cum
491 1855 665 1905 multa
704 1854 927 1904 militari
957 1872 1121 1905 manu
1152 1855 1449 1905 transmisit
1489 1855 1547 1905 in
1580 1855 1992 1917 Normanniam,
2036 1860 2253 1922 propter

326 1927 567 1978 locorum
596 1926 879 1977 custodias

439 2000 472 2049 J
477 1999 715 2050 ohannes
760 1998 1143 2049 Bathoniensis
1195 1999 1471 2067 episcopus
1520 1999 1577 2049 in
1620 1999 1704 2050 die
1749 1998 1964 2050 Natalis
2009 1998 2249 2060 Domini,

329 2070 507 2122 subito
532 2079 653 2137 post
678 2070 964 2138 prandium
991 2070 1173 2122 dolore
1201 2071 1373 2122 cordis
1401 2077 1690 2139 correptus,
1719 2071 1964 2138 sequenti
1985 2071 2069 2121 die
2090 2071 2251 2121 mori-

329 2150 435 2194 tur.
513 2143 643 2194 Non
673 2143 846 2193 multo
880 2148 1018 2210 post,
1050 2143 1106 2192 id
1141 2149 1221 2194 est
1247 2144 1408 2194 tertio
1436 2144 1520 2195 die
1555 2150 1674 2211 post
1700 2143 2075 2210 Epiphaniam,
2105 2143 2251 2193 Rod-

329 2215 515 2266 bertus
547 2215 723 2276 Bloet,
767 2214 1161 2265 Lincolniensis
1196 2215 1489 2284 episcopus,
1533 2234 1655 2266 cum
1698 2233 1935 2266 seorsum
1979 2234 2009 2266 a
2049 2215 2256 2266 caeteris

330 2305 424 2339 rex
451 2293 504 2338 et
529 2287 642 2354 ipse
668 2287 954 2337 incolumis
986 2287 1290 2354 equitantes
1326 2288 1758 2355 colloquerentur
1797 2287 2036 2349 consilio,
2077 2287 2255 2338 subito

333 2359 483 2427 quasi
502 2359 736 2410 moriens
758 2358 955 2410 decidit
976 2377 1127 2426 equo.
1195 2360 1372 2411 Quem
1401 2361 1680 2411 cadentem
1709 2360 1837 2410 dum
1859 2378 1950 2411 rex
1972 2359 2254 2426 exciperet,

333 2432 572 2499 undique
609 2431 894 2493 accuritur,
933 2438 986 2482 et
1022 2432 1298 2499 episcopus
1332 2433 1446 2500 jam
1480 2432 1618 2482 nihil
1652 2432 1800 2500 loqui
1839 2431 2146 2499 praevalens,
2190 2432 2256 2483 ad

334 2504 628 2571 hospitium
656 2504 965 2570 deportatus
992 2510 1203 2571 postera
1230 2504 1315 2555 die
1341 2504 1583 2555 moritur.

444 2576 655 2627 Deinde
683 2594 806 2626 cum
834 2576 974 2644 apud
995 2576 1339 2627 Glawornam
1358 2577 1413 2627 in
1436 2577 1812 2628 Purificatione
1835 2577 2046 2627 Sanctae
2066 2576 2258 2628 Mariae

336 2649 540 2699 curiam
579 2667 731 2699 suam
770 2666 862 2699 rex
898 2654 1127 2711 teneret,
1168 2666 1230 2699 ex
1256 2656 1520 2716 praecepto
1546 2649 1688 2716 regis
1713 2649 1882 2698 initur
1909 2667 1939 2699 a
1963 2649 2257 2716 majoribus

334 2721 548 2787 Angliae
583 2720 867 2771 consilium
904 2721 968 2771 de
1000 2720 1377 2772 constituendo
1410 2721 1476 2771 ad
1507 2721 1785 2772 ecclesiam
1815 2721 2257 2772 Cantuariensem

337 2791 747 2859 archiepiscopo.
852 2792 955 2843 Sed
1009 2810 1129 2842 cum
1184 2793 1250 2843 ad
1300 2793 1440 2843 hanc
1484 2793 1717 2844 diversas
1768 2793 1962 2844 diversi
2005 2811 2258 2860 personas

337 2863 615 2930 eligerent,
651 2863 911 2914 dissensio
950 2864 1195 2915 innexuit
1235 2882 1440 2915 moram
1483 2865 1747 2916 electioni.
1837 2866 1990 2915 Prior
2023 2883 2255 2931 namque

336 2935 740 2986 Cantuariensis
782 2936 1017 2986 ecclesiae
1053 2954 1175 2986 011111
1215 2936 1612 2987 honestioribus
1642 2936 1882 3003 personis
1924 2936 2123 2999 aderat,
2165 2937 2257 3003 qui

337 3007 656 3059 electionem
697 3007 932 3058 ecclesiae
973 3026 1132 3074 super
1166 3008 1421 3074 quasdam
1458 3026 1519 3059 ex
1561 3008 1747 3059 ordine
1781 3008 2095 3058 monachico
2138 3027 2255 3074 per-

336 3097 492 3130 sonas
519 3079 827 3129 convenisse
854 3079 1197 3142 nuntiabant,
1241 3098 1465 3146 quarum
1501 3097 1849 3146 quaecumque
1890 3080 2005 3146 regi
2047 3086 2100 3130 01
2141 3081 2255 3147 ejus

337 3151 559 3202 consilio
594 3151 844 3217 placeret,
888 3169 1006 3201 eam
1047 3151 1283 3202 ecclesiae
1322 3152 1517 3218 praefici
1558 3152 1918 3218 postulabant.
1997 3152 2072 3202 At
2118 3153 2255 3219 epis-

336 3224 481 3290 copis
521 3223 690 3273 totius
727 3222 954 3288 Angliae,
995 3223 1085 3289 qui
1124 3241 1307 3274 omnes
1337 3223 1551 3274 fuerant
1578 3242 1642 3274 ex
1670 3224 1900 3274 clericali
1928 3224 2130 3287 ordine,
2171 3244 2253 3277 re-

335 3295 692 3346 clamantibus
727 3294 869 3345 nolle
910 3312 965 3345 se
1005 3295 1331 3345 monachum
1372 3295 1567 3346 habere
1602 3296 1903 3362 primatem,
1946 3313 2067 3346 cum
2107 3315 2255 3365 aeque

332 3367 527 3435 probos
562 3373 615 3418 01
649 3366 869 3416 idoneos
902 3367 968 3416 ad
1006 3367 1424 3417 ecclesiasticum
1455 3367 1696 3434 regimen
1730 3368 1991 3419 haberent
2018 3369 2254 3434 clericos,

331 3439 721 3507 responderunt
759 3438 923 3505 legati
962 3439 1447 3490 Cantuariensium.
1527 3442 1626 3491 “A
1655 3440 1950 3507 tempore,”
1984 3441 2253 3508 inquiunt,

332 3516 368 3540 “
387 3511 573 3563 Sancti
598 3510 909 3578 Augustini,
951 3511 1042 3578 qui
1067 3511 1255 3578 utique
1281 3511 1576 3562 monachus
1602 3513 1692 3581 huj
1703 3532 1762 3563 us
1790 3512 2025 3564 ecclesiae
2050 3514 2255 3580 primus

411 3665 428 3682 ²¹
460 3657 550 3699 The
571 3661 768 3700 sentence
789 3660 947 3713 ending
966 3661 1081 3711 here,
1110 3662 1215 3703 with
1245 3663 1318 3704 1110
1348 3664 1569 3716 exception
1601 3666 1647 3706 of
1673 3665 1745 3706 the
1773 3666 1882 3717 date,
1911 3666 1945 3706 is
1965 3666 2099 3707 added
2119 3668 2163 3706 at
2182 3666 2256 3706 the

327 3712 416 3757 ι1001
435 3713 482 3753 of
506 3714 579 3756 the
599 3728 706 3767 page
727 3715 771 3756 in
792 3729 816 3755 a
835 3729 976 3757 coarse
996 3717 1122 3758 hand.
