2384 4126
740 411 1010 446 H1sr0R1AE
1050 409 1434 445 CONTINUArro.
1940 396 2039 444 121

134 541 307 591 fuerat
334 538 542 605 praesul,
571 538 636 589 ad
661 537 901 604 regimen
925 537 1070 587 illius
1096 554 1262 604 usque
1288 536 1346 586 in
1371 553 1601 603 praesens
1627 552 1835 601 semper
1859 553 2042 586 mona-

137 612 224 662 chi
273 610 608 676 eligebantur
656 609 949 676 pontifices.
1050 608 1316 675 Deinceps
1367 625 1576 675 quoque
1618 612 1888 657 annuente
1928 607 2045 658 Deo

138 682 463 733 consuetudo
503 681 798 732 servabitur
830 680 1104 747 antiqua.”
1183 680 1288 730 Sed
1313 697 1439 746 rege
1464 679 1676 730 favente
1703 678 1959 745 episcopis
1985 686 2047 730 ut

136 766 242 804 non
269 752 517 804 monachi
543 752 885 819 eligerentur,
914 758 1143 818 quatuor
1169 751 1346 802 clerici
1371 756 1741 817 proponuntur
1765 750 1822 800 in
1849 750 2044 811 medio,

135 831 196 875 ut
220 825 278 874 in
304 842 672 891 quemcunque
698 824 913 874 illorum
940 823 1129 874 electio
1157 822 1627 873 Cantuariensium
1663 821 1960 884 conveniat,
2000 821 2046 872 is

137 915 200 947 ex
227 902 488 963 praecepto
513 895 653 962 regis
680 895 747 946 ad
767 895 1277 962 archiepiscopatum
1298 894 1564 945 ascendat.
1628 894 1772 960 Ergo
1793 893 2046 960 quoniam

139 968 418 1034 antiquum
455 967 728 1018 electionis
763 984 965 1018 morem
1007 966 1082 1017 eis
1123 984 1329 1017 servare
1369 983 1478 1016 non
1516 965 1689 1027 licuit,
1731 965 2046 1015 necessitate

137 1040 462 1106 impellente,
499 1039 566 1089 ad
591 1057 760 1089 unum
784 1038 998 1088 illorum
1036 1045 1264 1105 quatuor
1302 1037 1615 1088 clericorum
1654 1055 1708 1087 se
1747 1036 2045 1099 conferunt,
2083 1064 2101 1081 ι

139 1112 340 1162 scilicet
367 1111 701 1161 VVillelmum
729 1110 793 1161 de
830 1110 1120 1172 Curbellio,
1160 1128 1316 1176 quem
1351 1109 1606 1160 modestae
1630 1109 1753 1159 vitae
1778 1108 1951 1158 virum
1988 1126 2048 1159 ac

135 1183 329 1233 litteris
353 1183 488 1234 bene
515 1183 783 1233 eruditum
808 1182 1125 1233 familiarem
1159 1182 1475 1242 habuerant,
1516 1186 1702 1248 utpote
1737 1198 1858 1231 cum
1889 1198 2045 1231 vene-

136 1254 316 1305 randae
342 1254 609 1305 memoriae
630 1253 1022 1320 archiepiscopo
1038 1254 1295 1304 Anselmo
1323 1252 1610 1319 saepissime
1638 1270 1697 1303 ac
1717 1252 2050 1302 familiariter

140 1332 524 1377 conversatum.
603 1326 798 1376 Fuerat
834 1331 1012 1375 autem
1046 1325 1217 1392 primo
1243 1324 1624 1375 Dunelmensis
1651 1323 1885 1375 ecclesiae
1911 1323 2047 1390 epis-

141 1398 257 1464 copi
303 1397 556 1449 Rannulfi
601 1397 841 1458 clericus,
882 1403 1082 1463 postea,
1124 1396 1464 1447 meliorandae
1507 1395 1629 1446 vitae
1674 1396 1861 1462 gratia,
1909 1395 2050 1462 apud

142 1470 267 1520 Cice
306 1469 564 1536 regularis
600 1469 884 1519 canonicus
919 1468 1157 1531 effectus,
1197 1468 1415 1519 tandem
1448 1468 1513 1518 ad
1540 1467 2050 1533 archiepiscopatum

139 1547 493 1607 promovetur.
558 1541 776 1591 Electus
802 1546 881 1591 est
905 1540 1086 1607 itaque
1109 1558 1138 1590 a
1157 1539 1432 1589 monachis
1454 1560 1463 1589 :
1500 1539 1586 1589 cui
1613 1539 1741 1589 dum
1767 1538 2051 1589 Turstinus

140 1613 490 1663 Eboracensis
517 1612 939 1678 archiepiscopus
966 1611 1257 1662 secundum
1284 1610 1724 1661 consuetudinem
1752 1610 1965 1661 offerret
1991 1616 2052 1661 ut

141 1703 263 1735 eum
297 1684 471 1750 ipsum
507 1684 806 1744 ordinaret,
850 1688 884 1711 “
905 1683 963 1732 Si
996 1683 1138 1744 me,”
1180 1682 1372 1748 inquit,
1411 1687 1444 1709 “
1464 1687 1522 1732 ut
1563 1682 1845 1748 primatem
1885 1682 2052 1732 totius

140 1756 352 1822 Angliae
371 1754 599 1806 volueris
619 1754 881 1817 ordinare,
909 1754 1139 1804 libenter
1163 1772 1249 1804 me
1275 1753 1522 1804 manibus
1547 1753 1736 1804 vestris
1761 1753 2048 1815 inclinabo,

142 1828 224 1877 sin
256 1833 451 1889 autem,
494 1826 794 1877 inconsulte
831 1832 1015 1876 contra
1048 1843 1252 1876 morem
1288 1825 1568 1892 antiquum
1602 1825 1725 1875 nolo
1757 1825 2047 1875 ordinari.’'

143 1898 251 1950 Qui
281 1916 390 1949 non
426 1898 594 1949 multo
625 1903 762 1965 post,
800 1897 854 1948 id
882 1903 961 1948 est
986 1916 1019 1947 v
1044 1898 1150 1947 kal.
1179 1897 1386 1959 Martii,
1420 1897 1655 1964 jubente
1684 1915 1825 1963 rege,
1868 1914 2049 1948 conse-

141 1977 316 2021 cratus
343 1976 422 2021 est
450 1970 752 2020 Cantuariae
779 1988 809 2020 a
834 1969 943 2019 suis
970 1969 1333 2035 suffraganeis.
1406 1968 1707 2035 Statimque
1734 1975 1914 2035 postea
1939 1974 2052 2019 tam

139 2042 252 2109 ipse
293 2060 452 2109 quam
496 2042 778 2092 Turstinus
820 2043 1048 2092 Romam
1092 2041 1514 2108 proficiscuntur,
1562 2041 1783 2108 quisque
1820 2058 1915 2108 pro
1957 2059 2052 2091 sua

141 2132 299 2164 causa
350 2120 578 2165 acturus.
674 2114 792 2164 Rex
842 2120 1021 2163 autem
1072 2113 1218 2163 misit
1263 2113 1597 2163 Bernardum
1642 2113 1945 2179 episcopum
1985 2113 2051 2163 de

144 2186 342 2236 Sancto
373 2185 563 2247 David,
607 2191 660 2236 et
696 2185 943 2235 abbatem
977 2184 1287 2235 monasterii
1316 2185 1499 2234 Sancti
1524 2184 1830 2234 Eadmundi
1856 2184 2048 2235 Ansel-

141 2275 309 2319 mum,
344 2263 593 2323 nepotem
619 2257 862 2307 Anselmi
890 2256 1282 2323 archiepiscopi,
1326 2262 1378 2306 et
1416 2256 1765 2306 Polochinum
1804 2255 2052 2306 abbatem

143 2329 574 2379 Glastoniensem
624 2328 843 2378 fratrem
894 2328 1108 2377 Radulfi
1160 2327 1554 2394 archiepiscopi,
1608 2344 1730 2377 cum
1775 2327 2051 2378 Willelmo

143 2399 554 2466 archiepiscopo,
599 2406 651 2450 et
677 2399 734 2449 in
761 2418 854 2449 sua
877 2399 1144 2465 legatione
1172 2399 1238 2449 ad
1264 2399 1650 2465 Apostolicum,
1692 2405 1745 2449 et
1783 2404 1846 2449 ut
1885 2398 2052 2465 ipsius

144 2471 524 2538 archiepiscopi
551 2471 594 2521 si
621 2470 748 2537 quid
776 2471 979 2521 adversi
1005 2470 1303 2521 oboriretur
1328 2470 1466 2537 parti
1498 2470 1758 2521 adessent.
1836 2471 2053 2521 Interea

144 2544 176 2593 J
182 2543 417 2594 ohannes
468 2542 814 2609 Glasguensis
868 2542 1143 2609 episcopus
1195 2542 1259 2592 ab
1304 2542 1614 2609 Apostolico
1663 2548 1939 2592 revocatus
1985 2542 2050 2593 ab

145 2616 178 2665 J
183 2614 491 2682 erosolymis
525 2616 770 2676 Romam,
809 2614 1114 2681 praecipitur
1151 2613 1324 2664 redire
1369 2614 1435 2664 ad
1474 2632 1629 2664 suum
1669 2614 2050 2680 episcopatum.

146 2686 466 2737 Godefridus
493 2686 795 2753 capellanus
820 2686 1033 2752 reginae,
1076 2685 1165 2752 qui
1193 2704 1313 2736 cum
1338 2685 1432 2735 illa
1458 2685 1522 2736 de
1548 2686 1811 2736 Teutonia
1837 2692 2052 2736 venerat

143 2757 200 2807 in
244 2758 513 2824 Angliam,
562 2776 592 2808 a
634 2775 758 2824 rege
800 2757 1037 2808 Henrico
1083 2757 1300 2824 eligitur
1344 2757 1619 2824 episcopus
1665 2757 1731 2807 ad
1776 2757 2052 2808 ecclesiam

145 2829 581 2892 Bathoniensem,
623 2835 676 2880 et
706 2829 1024 2891 Alexander,
1052 2847 1215 2896 nepos
1252 2829 1451 2896 Rogeri
1485 2829 1891 2880 Salesberiensis
1917 2829 2053 2897 epis-

145 2901 278 2967 copi,
308 2902 374 2951 ad
400 2901 832 2952 Lincolniensem
859 2901 1152 2952 ecclesiam.

252 2972 592 3023 Celebratum
631 2979 710 3023 est
750 2974 934 3024 Romae
971 2973 1255 3024 concilium
1295 2990 1384 3023 ccc
1428 2972 1793 3040 episcoporum
1839 2992 1903 3023 xv
1944 2973 2050 3024 kal.

142 3044 361 3111 Aprilis,
400 3045 718 3111 praesidente
748 3064 885 3112 papa
911 3045 1122 3095 Calixto
1158 3045 1420 3095 Secundo.
1499 3046 1777 3096 Renovata
1815 3051 1940 3095 sunt
1978 3045 2053 3096 ibi

145 3122 345 3166 statuta
376 3117 639 3184 majorum
671 3116 734 3167 de
770 3117 987 3183 agendis
1028 3123 1081 3167 ct
1121 3116 1494 3182 prohibendis:
1538 3117 1784 3168 Quorum
1823 3117 2056 3184 capitula

146 3187 277 3237 scire
305 3188 604 3238 volentibus
631 3188 928 3255 subscripta
952 3188 1314 3238 inveniuntur.

255 3260 565 3310 Sanctorum
592 3266 810 3325 patrum
845 3262 1077 3325 eoeempla
1111 3266 1392 3326 sequentes,
1436 3266 1485 3311 et
1511 3261 1667 3328 officii
1692 3261 1860 3311 nostri
1887 3261 2055 3310 debito

146 3330 464 3391 innovanteS,
504 3333 741 3381 ordinari
780 3350 1082 3398 quemquam
1108 3350 1208 3397 per
1222 3333 1502 3397 pecuniam
1528 3333 1583 3382 in
1609 3333 1825 3383 ecclesia
1852 3332 1952 3381 Dei
1977 3333 2059 3382 vel

135 3402 433 3467 promoveri
454 3404 767 3453 auctoritate
786 3404 924 3454 sedis
944 3404 1257 3470 Apostolicoe
1278 3405 1442 3454 modis
1463 3404 1692 3455 omnibus
1702 3403 2054 3468 prohibemus.

150 3472 210 3520 Si
237 3473 351 3537 quis
376 3490 494 3523 vero
528 3474 584 3523 in
609 3475 824 3524 ecclesia
853 3476 1232 3526 ordinationem
1257 3478 1338 3526 vel
1351 3476 1729 3541 promotionem
1756 3475 1935 3524 taliter
1961 3474 2054 3523 ad-

149 3543 409 3607 quisierit,
429 3545 687 3608 acquisita
714 3552 893 3596 careat
908 3564 1131 3611 prorsus
1158 3547 1430 3612 diqnitate.

256 3617 302 3663 A
325 3615 433 3664 suis
458 3616 709 3680 episcopis
735 3619 1215 3679 eoecommunieatos,
1246 3619 1308 3668 ab
1337 3619 1458 3668 aliis
1484 3617 1752 3683 episcopis,
1783 3615 2055 3666 abbatibus

150 3691 198 3735 et
227 3686 429 3736 clericis
454 3686 509 3736 in
536 3688 932 3739 communionem
958 3690 1121 3754 recipi
1137 3689 1481 3754 proculdubio
1499 3688 1848 3753 prohibemus.
