2384 4126
899 336 1158 370 HrsromA
1196 337 1406 371 REG-UM.
1931 319 1938 327 “
2041 326 2111 373 39

192 467 504 529 argenteum
530 461 672 513 inter
700 461 803 512 alia
838 480 1061 513 munera
1099 463 1214 530 regi
1254 463 1504 526 ferentes,
1548 462 1826 531 clavesque
1869 463 2107 514 locorum

191 540 497 585 sanctorum
537 534 835 585 Dominicae
874 535 1278 586 resurrectionis
1314 535 1642 602 aliorumque
1684 535 1733 586 ei
1777 535 2106 602 optulerunt,

191 606 384 657 obnixe
434 606 739 673 flagitantes
800 606 1035 673 ipsorum
1082 625 1195 657 esse
1247 614 1608 673 susceptorem
1655 613 1707 658 et
1754 607 2103 657 defensorem.

190 678 476 744 Rogabant
518 696 641 729 eum
681 684 742 728 ut
779 678 1098 729 Christianae
1131 679 1377 745 religioni
1413 679 1628 729 subdita
1655 686 1839 729 sancta
1866 678 2107 729 coenobia

191 758 542 812 conservaret,
571 756 779 816 regeret
807 768 867 800 ac
894 750 1221 813 defenderet,
1256 758 1308 801 et
1344 758 1528 802 contra
1552 751 1892 817 insurgentes
1921 756 2107 816 gentes

191 829 471 889 exurgeret
496 821 689 873 bellica
713 821 911 872 virtute
939 828 992 873 et
1017 823 1186 889 regali
1215 824 1513 890 majestate.
1589 822 1800 873 Annuit
1831 822 2104 888 benignis-

191 894 355 944 simus
380 911 473 944 rex
503 894 674 945 beatis
705 894 950 960 precibus
977 894 1068 961 qui
1110 894 1176 944 ad
1212 913 1266 945 se
1294 895 1675 957 confluxerant,
1719 901 1771 945 et
1798 912 1906 944 non
1933 893 2102 944 solum

189 984 243 1017 se
268 972 514 1033 paratum
542 984 654 1017 esse
682 966 747 1016 ad
774 965 1174 1017 devincendos
1161 966 1406 1017 inimicos
1439 967 1497 1016 in
1530 972 1641 1017 terr
1645 985 1692 1028 a,
1733 984 1918 1017 verum
1945 965 2108 1016 etiam

187 1038 244 1088 in
285 1038 436 1101 mari,
480 1038 525 1088 si
558 1037 845 1089 necessitas
880 1038 1239 1105 compulisset.
1317 1039 1593 1090 Intellexit
1631 1038 1815 1089 beatas
1845 1038 1958 1088 fore
1995 1055 2105 1088 res-

187 1110 442 1178 publicas,
472 1110 516 1160 si
542 1128 629 1161 eas
654 1110 738 1161 vel
764 1109 988 1161 studiosi
1014 1110 1287 1177 sapientiae
1311 1117 1576 1177 regerent,
1603 1110 1689 1161 vel
1715 1110 1759 1160 si
1785 1128 1966 1161 earum
1993 1127 2105 1160 rec-

189 1190 331 1234 tores
376 1182 590 1233 studere
626 1182 900 1249 sapientiae
940 1183 1268 1249 contigisset.
1363 1184 1418 1233 Is
1459 1183 1525 1233 ad
1563 1182 1751 1234 urbem
1791 1183 2106 1233 Ravennam

189 1254 521 1322 perveniens,
558 1254 623 1305 ad
648 1255 832 1321 Aquas
859 1254 1050 1305 deinde
1075 1254 1328 1322 porrexit,
1372 1254 1437 1306 de
1463 1254 1547 1305 his
1573 1254 1822 1305 omnibus
1849 1272 1970 1304 cum
1998 1253 2107 1304 suis

190 1327 539 1395 optimatibus
563 1332 904 1377 tractaturus.

1055 1501 1231 1535 DCCCI.

296 1585 457 1636 Anno
484 1584 667 1651 ‘Dccoj
706 1582 946 1646 Edwine‚
990 1582 1080 1649 qui
1115 1589 1168 1634 et
1194 1581 1324 1633 Edai
1351 1582 1527 1633 dictus
1559 1588 1657 1645 est,
1701 1582 1969 1650 quondam
2002 1581 2108 1632 dux

187 1656 810 1723 Northanhymbrorum,
852 1660 983 1705 tunc
1025 1672 1150 1705 vero
1191 1673 1284 1721 per
1322 1655 1549 1721 gratiam
1589 1654 1879 1705 Salvatoris
1918 1654 2109 1704 mundi

190 1728 352 1779 abbas
396 1728 454 1777 in
498 1727 601 1778 Dei
642 1727 855 1778 servitio
899 1726 1195 1788 roboratus,
1251 1726 1398 1777 velut
1450 1726 1604 1777 miles
1656 1726 1911 1777 emeritus
1964 1726 2108 1776 diem

189 1801 379 1851 clausit
429 1800 680 1850 ultimum
738 1799 796 1848 in
847 1804 1134 1865 conspectu
1189 1798 1416 1849 fratrum
1473 1798 1596 1866 xviij
1651 1798 1757 1849 kal.
1812 1798 2106 1849 Februarii.

189 1873 442 1940 Sepultus
483 1878 563 1922 est
605 1889 813 1938 quoque
856 1870 915 1920 in
955 1870 1280 1921 monasterio
1331 1888 1426 1921 suo
1471 1870 1613 1938 quod
1665 1870 1963 1938 appellatur
2011 1871 2107 1920 Et-

184 1942 549 2012 Gegenfordaj
572 1943 862 1994 honorifice
886 1942 943 1992 in
970 1942 1207 1993 ecclesia.

295 2017 398 2068 His
423 2015 752 2083 temporibus
778 2014 1011 2065 Eardulf
1029 2032 1119 2066 rex
1145 2014 1753 2082 Northanhymbrorum
1781 2014 1931 2065 duxit
1957 2031 2105 2065 exer-

188 2089 356 2140 citum
407 2094 592 2139 contra
634 2087 944 2138 Kenwlfum
993 2104 1174 2153 regem
1234 2086 1565 2137 Merciorum
1614 2092 1832 2154 propter
1894 2104 2105 2153 suscep-

188 2161 390 2212 tionem
433 2160 774 2210 inimicorum
817 2160 947 2227 ejus.
1041 2158 1151 2210 Qui
1192 2165 1245 2209 et
1288 2158 1401 2225 ipse
1443 2176 1771 2226 congregans
1814 2158 2108 2210 exercitum

189 2251 368 2284 secum
411 2232 635 2283 aliarum
678 2231 942 2298 promovit
987 2231 1183 2281 auxilia
1226 2230 1617 2297 provinciarum
1658 2231 1906 2310 plurima,
1948 2230 2109 2296 longa

186 2305 329 2356 inter
355 2322 444 2356 eos
471 2303 805 2371 expeditione
830 2303 987 2353 facta.
1064 2302 1303 2353 Tandem
1331 2319 1453 2352 cum
1484 2302 1705 2353 consilio
1741 2302 2107 2382 episcopolum

189 2395 249 2428 ac
289 2376 591 2457 principum
627 2375 927 2441 Anglorum
969 2392 1033 2425 ex
1067 2380 1292 2441 utraque
1330 2380 1481 2440 parte
1518 2391 1703 2441 pacem
1741 2374 1980 2424 inierunt
2015 2391 2109 2440 per

189 2449 418 2516 gratiam
445 2448 585 2515 regis
610 2447 929 2513 Anglorum.
1008 2446 1277 2512 Factaque
1312 2446 1654 2496 firmissimae
1654 2446 1799 2512 pacis
1826 2445 2110 2496 concordia

186 2521 328 2572 inter
348 2538 455 2583 eos,
484 2538 643 2587 quam
671 2518 768 2569 sub
789 2517 1176 2586 jurejurando
1162 2536 1220 2567 111
1241 2517 1515 2584 evangelio
1543 2518 1746 2568 Christi
1774 2517 1930 2568 ambo
1956 2535 2109 2584 reges

188 2594 653 2653 confirmaverunt,
692 2591 871 2641 Deum
896 2595 1089 2641 testem
1117 2595 1275 2656 atque
1302 2589 1668 2656 fidejussorem
1688 2590 2106 2656 interponentes,

185 2671 246 2716 ut
280 2665 338 2715 in
373 2664 558 2715 diebus
597 2681 797 2725 eorum,
827 2662 1080 2729 quamdiu
1107 2662 1217 2712 vita
1259 2662 1561 2728 potirentur
1599 2661 1848 2728 praesenti
1876 2671 1928 2712 et
1955 2661 2108 2728 regni

186 2744 364 2789 essent
389 2736 573 2787 infulis
600 2734 822 2797 suffulti,
844 2753 946 2801 pax
967 2735 1118 2784 firma
1142 2751 1367 2800 veraque
1387 2733 1528 2785 inter
1549 2751 1637 2785 eos
1659 2733 1895 2784 amicitia
1919 2733 2105 2783 incon-

186 2827 339 2861 cussa
365 2815 418 2860 et
443 2808 699 2859 inviolata
723 2806 1046 2875 persisteret.
1126 2806 1369 2873 Contigit
1406 2805 1464 2856 in
1497 2806 1604 2856 illis
1640 2824 1753 2857 esse
1781 2805 2106 2872 completum

184 2881 325 2950 quod
349 2881 565 2949 legitur,

702 2962 917 3005 “Gratius
935 2964 1047 3003 astra
1068 2961 1219 3012 nitent,
1240 2962 1315 3002 ubi
1335 2963 1461 3002 notus
1588 2972 1622 2992 «-

733 3018 903 3059 Desinit
922 3018 1158 3058 imbriferos
1178 3018 1276 3058 dare
1296 3030 1417 3057 sonos
1433 3033 1442 3064 ;

734 3073 908 3114 Lucifer
928 3076 979 3113 ut
997 3074 1192 3113 tenebras
1210 3072 1436 3124 pepulerit,

731 3128 920 3169 Pulchra
938 3128 1025 3169 dies
1044 3141 1182 3168 roseos
1201 3128 1290 3180 agit
1308 3125 1500 3180 equos.”¹²

181 3221 343 3272 Astra
386 3219 737 3288 splendebant
776 3218 978 3286 gratius
999 3240 1012 3281 3
1055 3218 1155 3268 hoc
1196 3223 1293 3281 est,
1332 3217 1599 3285 principes
1642 3216 1948 3284 gaudebant
1983 3234 2104 3283 pro-

180 3293 348 3343 fusius
392 3293 521 3343 dum
560 3310 712 3359 reges
752 3309 937 3359 pacem
983 3290 1183 3341 dabant
1226 3290 1368 3340 inter
1409 3307 1464 3340 se
1510 3289 1843 3340 clementius.
1922 3288 2101 3338 Notus

263 3425 511 3477 ’Probably
529 3424 728 3466 identical
747 3424 852 3464 with
871 3424 1022 3470 Wada,
1053 3424 1192 3464 whose
1215 3423 1420 3464 rebellion
1447 3422 1611 3475 against
1631 3422 1849 3469 Ethelred‚
1873 3422 1947 3462 the
1968 3434 2042 3461 son
2064 3421 2112 3460 of

183 3479 287 3529 Mol,
317 3481 399 3519 and
418 3481 554 3520 defeat
573 3493 673 3521 near
694 3480 908 3531 Whalley‚
940 3492 1009 3519 are
1030 3479 1230 3519 recorded
1249 3480 1393 3526 above,
1424 3490 1518 3518 Α.1).
1541 3479 1637 3519 798

260 3535 277 3567 1'
306 3534 510 3574 Gainford
532 3548 587 3575 on
611 3536 684 3575 the
704 3535 819 3579 Tees,
845 3535 984 3574 where
1005 3546 1118 3573 some
1137 3534 1392 3586 interesting
1411 3533 1594 3574 remains
1614 3532 1660 3573 of
1682 3544 1735 3572 an
1756 3530 1871 3582 early
1891 3529 2104 3571 ecclesias-

183 3587 282 3628 tical
301 3588 541 3629 settlement
561 3590 665 3630 have
685 3591 790 3630 been
811 3589 1000 3641 recently
1021 3589 1273 3629 discovered.

266 3642 283 3666 ¹²
313 3643 519 3683 Boethius
538 3644 588 3684 de
608 3644 773 3685 Consol.
794 3644 1060 3695 Philosoph.,
1091 3643 1164 3693 iii„
1196 3642 1311 3685 '7-10.
