2384 4126
288 315 359 364 38
640 297 652 307 ’
905 326 1180 361 5ΥΜΕοΝ15
1221 325 1615 360 DUNELMENSIS

296 456 473 520 11111115,
501 461 563 507 111
590 456 656 508 ab
684 455 934 507 omnibus
960 454 1159 522 ubique
1197 453 1516 522 praedicetur
1543 458 1596 503 et
1622 450 1889 514 laudetur,
1919 450 2044 518 quia
2068 450 2234 501 mira-

297 530 416 580 bilis
443 535 523 580 est
549 530 693 580 Deus
718 529 774 579 in
803 528 1017 579 Sanctis
1042 525 1200 578 suiss

1185 723 1338 757 DCCC.

407 805 569 857 Anno
623 823 757 857 Dccc
818 804 1118 868 Heardred,
1188 803 1679 885 Haugustaldensis
1729 802 1966 855 ecclesiae
2014 800 2228 869 praesul,

301 895 440 928 anno
466 878 627 929 tertio
654 878 989 945 episcopatus
1010 877 1110 940 sui,
1131 876 1409 943 regiminis
1430 876 1573 928 diem
1598 875 1732 927 vidit
1760 881 2092 937 extremum,
2133 890 2230 953 pro

301 967 405 1015 quo
451 950 735 1018 Eanbryth
776 950 978 1001 electus
1020 918 1110 1000 est²
1143 955 1196 1000 et
1237 948 1516 999 ordinatus
1562 948 1839 1015 episcopus
1878 947 1934 997 in
1975 946 2094 997 1000
2139 944 2230 1012 0111

300 1021 497 1073 dicitur
512 1022 697 1089 Apud·
704 1021 1104 1088 Cettingaham.
1159 1020 1365 1071 Eodem
1384 1038 1523 1071 anno
1539 1020 1838 1083 Allimund,
1856 1019 1997 1070 filius
2014 1017 2234 1069 Alcredi

300 1093 460 1161 regis,
504 1101 564 1145 ut
592 1094 779 1145 dicunt
822 1093 1059 1160 quidam,
1103 1111 1134 1143 a
1172 1092 1445 1143 tutoribus
1489 1092 1741 1143 Eardwlfi
1766 1092 1907 1158 regis
1935 1097 2015 1142 est
2043 1108 2229 1158 appre-

299 1165 516 1228 hensus,
546 1167 768 1234 ejusque
788 1165 1030 1233 jussione
1058 1182 1182 1215 cum
1209 1163 1318 1214 suis
1344 1164 1583 1231 profugis
1610 1164 1815 1214 occisus
1842 1169 1938 1215 est.

408 1239 669 1318 Tempore
691 1255 902 1305 quoque
924 1237 1112 1287 eodem
1140 1243 1264 1287 ante
1290 1236 1471 1287 natale
1492 1235 1732 1299 Domini,
1754 1236 1806 1286 ix
1827 1234 2230 1298 kal.Janua1-11,

300 1315 491 1361 ventus
517 1310 725 1377 ingens,
771 1309 836 1360 ab
874 1309 1061 1360 Africo
1095 1308 1178 1360 vel
1221 1327 1251 1359 a
1287 1308 1523 1359 Favonio
1550 1326 1831 1374 exurgens,
1878 1325 1974 1358 suo
2017 1306 2230 1357 inenar-

299 1382 458 1433 rabili
484 1382 615 1433 flatu
640 1382 820 1444 urbes,
848 1381 1033 1432 multae
1060 1381 1268 1444 domus,
1288 1399 1347 1432 ac
1373 1380 1512 1432 villae
1539 1380 1878 1448 perplurimae
1904 1397 1998 1447 per
2024 1379 2233 1430 diversa

299 1453 416 1505 loca
443 1461 570 1505 sunt
597 1454 883 1506 destructae
909 1460 963 1505 et
991 1453 1057 1504 ad
1084 1454 1258 1504 solum
1294 1453 1516 1505 dirutae:
1560 1453 1774 1504 arbores
1816 1470 2026 1520 quoque
2069 1452 2229 1502 innu-

298 1545 461 1578 merae
486 1527 743 1578 radicitus
770 1526 980 1590 evulsae,
1010 1532 1064 1578 et
1091 1526 1157 1576 ad
1183 1532 1382 1577 terram
1410 1531 1690 1593 prostratae
1717 1531 1858 1576 sunt.
1939 1525 2061 1577 Quo
2090 1542 2231 1575 anno

298 1599 582 1650 inundatio
608 1600 771 1650 maris
797 1599 941 1649 ultra
966 1598 1226 1650 terminos
1254 1616 1376 1649 51105
1412 1598 1681 1666 profluxit,
1722 1598 1859 1649 illud
1886 1615 2067 1649 secum
2094 1597 2229 1647 obli-

297 1671 505 1722 viscens
533 1672 673 1739 quod
701 1672 830 1722 dicit
857 1671 1121 1733 Psalmus,
1175 1671 1469 1722 Terminum
1493 1671 1725 1737 posuisti
1752 1689 1899 1737 quem
1925 1688 2028 1721 non
2055 1676 2228 1721 trans-

294 1745 650 1810 9redientur.9
759 1744 923 1794 Facta
974 1749 1054 1794 est
1105 1748 1159 1794 et
1203 1761 1401 1811 magna
1450 1760 1703 1810 pecorum
1748 1751 1954 1810 strages
1996 1742 2054 1792 in
2098 1741 2230 1792 10015

301 1816 538 1867 diversis.

411 1888 646 1940 Karolus
672 1905 883 1956 01100110
910 1887 1118 1939 eximiae
1143 1886 1376 1950 virtutis,
1409 1905 1501 1938 rex
1523 1887 1870 1950 Francorum,
1899 1886 2058 1954 paulo
2085 1893 2228 1950 ante,

299 1961 414 2028 ipso
442 1979 600 2024 anno,
629 1978 753 2011 cum
778 1979 977 2027 magna
1003 1959 1266 2011 exercitus
1294 1960 1376 2010 sui
1402 1960 1750 2011 multitudine
1778 1960 2055 2011 Romuleae
2083 1959 2232 2010 urbis

299 2033 499 2084 moenia
533 2033 852 2100 ingreditur,
892 2032 1074 2100 ibique
1117 2050 1212 2099 per
1254 2031 1456 2099 aliquot
1499 2050 1711 2084 menses
1756 2032 2063 2083 demoratus
2107 2031 2232 2095 estst

300 2105 522 2173 locaque
589 2111 776 2156 sancta
818 2104 1091 2172 frequenti
1148 2104 1456 2155 visitatione
1508 2104 1711 2168 adorat,
1783 2104 1938 2167 ditat,
2009 2112 2232 2156 exornat

300 2196 524 2229 munere
549 2177 734 2244 regali.
812 2177 1086 2244 Praecipue
1126 2176 1562 2228 vero-ecclesiam
1598 2177 1743 2228 beati
1776 2177 1925 2228 Petri
1966 2177 2230 2244 Apostoli,

299 2268 510 2302 necnon
538 2257 591 2301 et
620 2249 807 2301 Sancti
831 2250 1004 2312 Pauli,
1041 2249 1195 2300 donis
1231 2248 1504 2300 exornavit
1538 2249 1825 2316 regalibus,
1863 2267 1992 2300 auro
2028 2249 2232 2301 scilicet

302 2329 355 2374 et
389 2329 612 2390 argento
653 2322 986 2389 gemmisque
1026 2321 1288 2389 pretiosis.
1367 2322 1606 2373 Leonem
1633 2339 1844 2390 quoque
1870 2321 2228 2373 venerabilem

300 2414 493 2462 papam
520 2395 801 2461 magnifice
828 2394 1147 2458 muneravit,
1177 2394 1396 2462 ejusque
1424 2394 1752 2445 adversarios
1779 2394 2043 2462 dispersit,
2073 2412 2229 2461 quos-

304 2468 428 2518 dam
455 2467 685 2519 extinxit
710 2467 795 2518 vel
821 2467 980 2518 exilio
1008 2466 1300 2530 damnavit,
1321 2467 1611 2517 nonnullos
1630 2466 1902 2518 interfecit
1929 2467 2018 2534 qui
2046 2474 2232 2519 contra

304 2558 427 2591 eum
453 2540 617 2607 impie
644 2539 1070 2608 conjurationem
1103 2545 1501 2606 promoverunt.
1580 2539 1685 2590 His
1712 2545 1872 2607 atque
1900 2539 2017 2590 aliis
2046 2559 2231 2607 quam-

304 2612 549 2679 plurimis
592 2611 751 2663 rebus
796 2611 1073 2674 ordinatis,
1133 2611 1247 2678 ipse
1293 2611 1619 2678 armipotens
1668 2612 1960 2679 imperator
2003 2631 2121 2679 quae
2167 2612 2234 2663 ad

305 2684 565 2735 honorem
594 2690 646 2734 et
668 2684 1058 2750 correptionem
1094 2683 1440 2734 ecclesiarum
1468 2683 1672 2734 Christi
1699 2684 2035 2735 Christianoi
2039 2703 2234 2752 umque

305 2756 626 2823 populorum
689 2755 1052 2822 pertinebant,
1109 2754 1167 2804 in
1218 2754 1304 2805 die
1362 2755 1558 2805 natalis
1608 2756 1831 2806 Domini
1880 2757 2051 2807 nostri
2103 2758 2136 2807 J
2142 2775 2235 2808 esu

308 2827 513 2878 Christi
537 2827 839 2907 ingreditur
866 2844 989 2877 cum
1016 2826 1242 2877 ducibus
1283 2832 1337 2877 et
1380 2827 1783 2893 magistratibus
1811 2834 1863 2878 et
1889 2828 2192 2880 militibus
2179 2848 2237 2879 111

309 2899 589 2951 ecclesiam
631 2899 953 2950 sanctissimi
1009 2898 1266 2965 principis
1309 2898 1689 2965 Apostolorum
1734 2899 1899 2963 Petri,
1952 2900 2009 2950 in
2061 2919 2164 2968 qua
2207 2920 2238 2952 a

310 2971 528 3022 domino
579 2967 808 3022 Leone
811 2988 948 3051 papa
986 2988 1222 3038 purpuia
1270 2970 1524 3038 regaliter
1573 2971 1849 3035 induitur,
1905 2972 1989 3023 cui
2041 2991 2236 3025 corona

311 3062 472 3095 aurea
512 3043 673 3110 capiti
710 3043 1023 3122 imponitur,
1057 3049 1110 3093 et
1149 3008 1363 3122 regalee>
1368 3049 1638 3110 sceptrum
1681 3044 1738 3094 in
1775 3044 2025 3096 manibus
2061 3046 2234 3097 datur.

313 3116 472 3167 Hanc
517 3115 837 3182 dignitatem
877 3114 993 3181 ipso
1024 3114 1110 3165 die
1141 3114 1338 3165 meruit
1374 3114 1440 3165 ab
1467 3116 1613 3165 omni
1640 3117 1834 3184 populo
1860 3119 2149 3185 percipere,
2177 3125 2239 3169 ut

309 3188 601 3256 imperator
640 3186 807 3237 totius
848 3187 992 3237 orbis
1034 3186 1390 3253 appellaretur
1430 3193 1483 3238 et
1525 3194 1679 3251 esset.
1755 3189 1836 3240 Eo
1864 3207 2074 3257 quoque
2101 3198 2237 3242 tem-

309 3278 436 3328 pore
463 3259 629 3327 legati
656 3259 983 3321 Graecorum,
1007 3276 1128 3309 cum
1149 3259 1358 3325 magnis
1377 3260 1688 3311 muneribus
1711 3279 1741 3311 a
1767 3261 2239 3330 Constantinopoli

311 3332 519 3395 directi,
543 3332 608 3382 ad
630 3349 751 3382 eum
772 3330 1075 3393 veniebant,
1092 3337 1344 3397 rogantes
1363 3337 1425 3381 ut
1451 3331 1667 3382 illorum
1694 3333 1986 3400 susciperet
2011 3353 2240 3402 regnum

313 3412 366 3456 et
406 3404 708 3472 imperium.
804 3402 1065 3453 Similiter
1105 3402 1271 3469 legati
1310 3402 1376 3453 ab
1420 3403 1796 3455 Hierosolimis
1842 3423 1872 3455 a
1917 3406 2239 3458 Christianis

312 3477 522 3545 populis
562 3476 639 3527 ibi
680 3475 1024 3526 manentibus
1064 3474 1232 3538 missi,
1270 3475 1607 3543 Romamque
1648 3477 1942 3541 venientes,
1984 3479 2238 3530 vexillum

388 3594 411 3623 J
437 3591 577 3631 Psalm
599 3589 732 3630 lxviii.
757 3589 822 3630 35.
1156 3596 1180 3621 ἕ
1208 3588 1351 3629 Psalm
1372 3588 1449 3629 civ.
1470 3592 1509 3630 9.

397 3645 413 3670 '¹
445 3646 582 3686 There
602 3646 635 3686 is
657 3660 678 3685 a
700 3645 775 3685 full
796 3645 976 3685 account·
996 3644 1042 3684 of
1067 3644 1120 3684 all
1142 3644 1258 3685 these
1279 3647 1424 3685 events
1445 3644 1490 3684 in
1515 3645 1737 3694 Baronius,
1759 3646 1861 3694 xiii„
1882 3649 1975 3694 354,
1997 3650 2036 3688 01
2057 3663 2165 3700 seqq.
