<?xml version="1.0" encoding="UTF-8"?>
<!DOCTYPE html PUBLIC "-//W3C//DTD XHTML 1.0 Transitional//EN"
    "http://www.w3.org/TR/xhtml1/DTD/xhtml1-transitional.dtd">
<html xmlns="http://www.w3.org/1999/xhtml" xml:lang="en" lang="en">
 <head>
  <title>
</title>
<meta http-equiv="Content-Type" content="text/html;charset=utf-8" />
  <meta name='ocr-system' content='tesseract 3.04.00' />
  <meta name='ocr-capabilities' content='ocr_page ocr_carea ocr_par ocr_line ocrx_word'/>
</head>
<body>
  <div class='ocr_page' id='page_1' title='image "./operacollect00simerich_0147.png"; bbox 0 0 2384 4126; ppageno 0'>
   <div class='ocr_carea' id='block_1_1' title="bbox 877 346 2091 397">
    <p class='ocr_par' dir='ltr' id='par_1_1' title="bbox 877 346 2091 397">
     <span class='ocr_line' id='line_1_1' title="bbox 877 346 2091 397; baseline -0.001 0"><span class='ocrx_word' id='word_1_1' title='bbox 877 363 1135 397; x_wconf 75' lang='lat' dir='ltr'>H1sroR1A</span> <span class='ocrx_word' id='word_1_2' title='bbox 1174 363 1382 396; x_wconf 81' lang='lat' dir='ltr'><strong>REGUM.</strong></span> <span class='ocrx_word' id='word_1_3' title='bbox 2024 346 2091 396; x_wconf 86' lang='lat'>57</span> 
     </span>
    </p>
   </div>
   <div class='ocr_carea' id='block_1_2' title="bbox 982 506 1271 540">
    <p class='ocr_par' dir='ltr' id='par_1_2' title="bbox 982 506 1271 540">
     <span class='ocr_line' id='line_1_2' title="bbox 982 506 1271 540; baseline -0.007 0"><span class='ocrx_word' id='word_1_4' title='bbox 982 506 1271 540; x_wconf 82' lang='lat' dir='ltr'>DCCOLxxx.</span> 
     </span>
    </p>
   </div>
   <div class='ocr_carea' id='block_1_3' title="bbox 175 585 2091 1085">
    <p class='ocr_par' dir='ltr' id='par_1_3' title="bbox 175 585 2091 1085">
     <span class='ocr_line' id='line_1_3' title="bbox 282 585 2091 648; baseline -0.003 -8"><span class='ocrx_word' id='word_1_5' title='bbox 282 589 443 640; x_wconf 90' lang='lat' dir='ltr'>Anno</span> <span class='ocrx_word' id='word_1_6' title='bbox 473 589 772 640; x_wconf 90' lang='lat' dir='ltr'>Dominicae</span> <span class='ocrx_word' id='word_1_7' title='bbox 811 587 1194 638; x_wconf 77' lang='lat' dir='ltr'>incarnationis</span> <span class='ocrx_word' id='word_1_8' title='bbox 1234 586 1530 648; x_wconf 76' lang='lat' dir='ltr'>Dccc.IXXX,</span> <span class='ocrx_word' id='word_1_9' title='bbox 1563 585 1860 636; x_wconf 89' lang='lat' dir='ltr'>nativitatis</span> <span class='ocrx_word' id='word_1_10' title='bbox 1911 591 2091 636; x_wconf 89' lang='lat' dir='ltr'>autem</span> 
     </span>
     <span class='ocr_line' id='line_1_4' title="bbox 176 658 2091 727; baseline -0.003 -16"><span class='ocrx_word' id='word_1_11' title='bbox 176 660 381 712; x_wconf 88' lang='lat' dir='ltr'>Elfredi</span> <span class='ocrx_word' id='word_1_12' title='bbox 418 661 555 727; x_wconf 91' lang='lat' dir='ltr'>regis</span> <span class='ocrx_word' id='word_1_13' title='bbox 591 660 805 727; x_wconf 81' lang='lat' dir='ltr'>gloriosi</span> <span class='ocrx_word' id='word_1_14' title='bbox 839 659 981 720; x_wconf 86' lang='lat' dir='ltr'>xxix,</span> <span class='ocrx_word' id='word_1_15' title='bbox 1011 664 1500 725; x_wconf 83' lang='lat' dir='ltr'>saepe-memoratus</span> <span class='ocrx_word' id='word_1_16' title='bbox 1526 658 1865 724; x_wconf 89' lang='lat' dir='ltr'>Paganorum</span> <span class='ocrx_word' id='word_1_17' title='bbox 1892 658 2091 708; x_wconf 90' lang='lat' dir='ltr'>exerci-</span> 
     </span>
     <span class='ocr_line' id='line_1_5' title="bbox 175 729 2091 798; baseline -0.002 -17"><span class='ocrx_word' id='word_1_18' title='bbox 175 737 264 782; x_wconf 92' lang='lat' dir='ltr'>tus</span> <span class='ocrx_word' id='word_1_19' title='bbox 291 751 321 782; x_wconf 92' lang='lat' dir='ltr'>a</span> <span class='ocrx_word' id='word_1_20' title='bbox 348 733 680 783; x_wconf 88' lang='lat' dir='ltr'>Cirencestre</span> <span class='ocrx_word' id='word_1_21' title='bbox 708 749 950 798; x_wconf 90' lang='lat' dir='ltr'>egressus</span> <span class='ocrx_word' id='word_1_22' title='bbox 971 730 1037 781; x_wconf 91' lang='lat' dir='ltr'>ad</span> <span class='ocrx_word' id='word_1_23' title='bbox 1057 730 1360 781; x_wconf 89' lang='lat' dir='ltr'>Orientales</span> <span class='ocrx_word' id='word_1_24' title='bbox 1382 729 1600 780; x_wconf 86' lang='lat' dir='ltr'>accessit</span> <span class='ocrx_word' id='word_1_25' title='bbox 1621 729 1828 795; x_wconf 90' lang='lat' dir='ltr'>Anglos</span> <span class='ocrx_word' id='word_1_26' title='bbox 1844 737 1890 791; x_wconf 76' lang='lat'>31⁷</span> <span class='ocrx_word' id='word_1_27' title='bbox 1920 729 2091 795; x_wconf 81' lang='lat' dir='ltr'>ipsam</span> 
     </span>
     <span class='ocr_line' id='line_1_6' title="bbox 175 800 2091 870; baseline -0.003 -16"><span class='ocrx_word' id='word_1_28' title='bbox 175 803 449 870; x_wconf 82' lang='lat' dir='ltr'>regionem</span> <span class='ocrx_word' id='word_1_29' title='bbox 506 804 803 854; x_wconf 77' lang='lat' dir='ltr'>dividentes</span> <span class='ocrx_word' id='word_1_30' title='bbox 869 802 1171 852; x_wconf 87' lang='lat' dir='ltr'>inhabitare</span> <span class='ocrx_word' id='word_1_31' title='bbox 1235 806 1526 868; x_wconf 88' lang='lat' dir='ltr'>coeperunt.</span> <span class='ocrx_word' id='word_1_32' title='bbox 1615 801 1820 867; x_wconf 89' lang='lat' dir='ltr'>Pagani</span> <span class='ocrx_word' id='word_1_33' title='bbox 1882 800 1973 867; x_wconf 90' lang='lat' dir='ltr'>qui</span> <span class='ocrx_word' id='word_1_34' title='bbox 2034 801 2091 850; x_wconf 89' lang='lat' dir='ltr'>in</span> 
     </span>
     <span class='ocr_line' id='line_1_7' title="bbox 178 871 2089 936; baseline -0.002 -11"><span class='ocrx_word' id='word_1_35' title='bbox 178 875 509 926; x_wconf 88' lang='lat' dir='ltr'>Fulanhame</span> <span class='ocrx_word' id='word_1_36' title='bbox 557 875 941 936; x_wconf 88' lang='lat' dir='ltr'>hiemaverant,</span> <span class='ocrx_word' id='word_1_37' title='bbox 998 872 1366 923; x_wconf 81' lang='lat' dir='ltr'>Britannicam</span> <span class='ocrx_word' id='word_1_38' title='bbox 1431 873 1778 923; x_wconf 87' lang='lat' dir='ltr'>deseruerunt</span> <span class='ocrx_word' id='word_1_39' title='bbox 1839 871 2089 934; x_wconf 89' lang='lat' dir='ltr'>insulam,</span> 
     </span>
     <span class='ocr_line' id='line_1_8' title="bbox 177 944 2091 1014; baseline -0.002 -18"><span class='ocrx_word' id='word_1_40' title='bbox 177 947 560 1014; x_wconf 85' lang='lat' dir='ltr'>Franciamque</span> <span class='ocrx_word' id='word_1_41' title='bbox 609 946 823 997; x_wconf 88' lang='lat' dir='ltr'>visitare</span> <span class='ocrx_word' id='word_1_42' title='bbox 885 951 1160 1013; x_wconf 86' lang='lat' dir='ltr'>coeperunt</span> <span class='ocrx_word' id='word_1_43' title='bbox 1216 945 1445 1012; x_wconf 86' lang='lat' dir='ltr'>pessima</span> <span class='ocrx_word' id='word_1_44' title='bbox 1496 944 1787 1011; x_wconf 80' lang='lat' dir='ltr'>agnitione,</span> <span class='ocrx_word' id='word_1_45' title='bbox 1829 961 1933 1011; x_wconf 95' lang='lat' dir='ltr'>quo</span> <span class='ocrx_word' id='word_1_46' title='bbox 1982 961 2091 993; x_wconf 89' lang='lat' dir='ltr'>uno</span> 
     </span>
     <span class='ocr_line' id='line_1_9' title="bbox 177 1024 788 1085; baseline 0.002 -18"><span class='ocrx_word' id='word_1_47' title='bbox 177 1035 316 1069; x_wconf 88' lang='lat' dir='ltr'>anno</span> <span class='ocrx_word' id='word_1_48' title='bbox 341 1024 788 1085; x_wconf 66' lang='lat' dir='ltr'>permanserunt!l</span> 
     </span>
    </p>
   </div>
   <div class='ocr_carea' id='block_1_4' title="bbox 982 1185 1297 1220">
    <p class='ocr_par' dir='ltr' id='par_1_4' title="bbox 982 1185 1297 1220">
     <span class='ocr_line' id='line_1_10' title="bbox 982 1185 1297 1220; baseline -0.006 0"><span class='ocrx_word' id='word_1_49' title='bbox 982 1185 1297 1220; x_wconf 89' lang='lat' dir='ltr'>DCCCLXXXI.</span> 
     </span>
    </p>
   </div>
   <div class='ocr_carea' id='block_1_5' title="bbox 177 1265 2096 2393">
    <p class='ocr_par' dir='ltr' id='par_1_5' title="bbox 177 1265 2096 2393">
     <span class='ocr_line' id='line_1_11' title="bbox 284 1265 2092 1333; baseline -0.003 -12"><span class='ocrx_word' id='word_1_50' title='bbox 284 1270 444 1321; x_wconf 91' lang='lat' dir='ltr'>Anno</span> <span class='ocrx_word' id='word_1_51' title='bbox 474 1268 771 1320; x_wconf 87' lang='lat' dir='ltr'>Dominicae</span> <span class='ocrx_word' id='word_1_52' title='bbox 807 1267 1191 1319; x_wconf 79' lang='lat' dir='ltr'>incarnationis</span> <span class='ocrx_word' id='word_1_53' title='bbox 1227 1266 1547 1333; x_wconf 67' lang='lat' dir='ltr'>Decolxxxj,</span> <span class='ocrx_word' id='word_1_54' title='bbox 1573 1265 1870 1316; x_wconf 87' lang='lat' dir='ltr'>nativitatis</span> <span class='ocrx_word' id='word_1_55' title='bbox 1912 1271 2092 1316; x_wconf 90' lang='lat' dir='ltr'>autem</span> 
     </span>
     <span class='ocr_line' id='line_1_12' title="bbox 177 1337 2093 1408; baseline -0.003 -16"><span class='ocrx_word' id='word_1_56' title='bbox 177 1341 383 1392; x_wconf 86' lang='lat' dir='ltr'>Elfredi</span> <span class='ocrx_word' id='word_1_57' title='bbox 402 1341 541 1408; x_wconf 90' lang='lat' dir='ltr'>regis</span> <span class='ocrx_word' id='word_1_58' title='bbox 566 1359 686 1403; x_wconf 86' lang='lat' dir='ltr'>xxx,</span> <span class='ocrx_word' id='word_1_59' title='bbox 703 1340 952 1407; x_wconf 85' lang='lat' dir='ltr'>praefatus</span> <span class='ocrx_word' id='word_1_60' title='bbox 979 1339 1241 1390; x_wconf 87' lang='lat' dir='ltr'>exercitus</span> <span class='ocrx_word' id='word_1_61' title='bbox 1262 1338 1409 1405; x_wconf 91' lang='lat' dir='ltr'>equis</span> <span class='ocrx_word' id='word_1_62' title='bbox 1437 1337 1666 1388; x_wconf 91' lang='lat' dir='ltr'>ascensis</span> <span class='ocrx_word' id='word_1_63' title='bbox 1692 1337 1749 1386; x_wconf 89' lang='grc'>111</span> <span class='ocrx_word' id='word_1_64' title='bbox 1767 1338 2093 1387; x_wconf 82' lang='lat' dir='ltr'>Francorum</span> 
     </span>
     <span class='ocr_line' id='line_1_13' title="bbox 177 1409 2094 1478; baseline -0.003 -14"><span class='ocrx_word' id='word_1_65' title='bbox 177 1413 373 1464; x_wconf 91' lang='lat' dir='ltr'>finibus</span> <span class='ocrx_word' id='word_1_66' title='bbox 400 1412 629 1475; x_wconf 90' lang='lat' dir='ltr'>devenit,</span> <span class='ocrx_word' id='word_1_67' title='bbox 667 1411 808 1478; x_wconf 92' lang='lat' dir='ltr'>quod</span> <span class='ocrx_word' id='word_1_68' title='bbox 832 1411 1076 1462; x_wconf 89' lang='lat' dir='ltr'>mirabile</span> <span class='ocrx_word' id='word_1_69' title='bbox 1101 1410 1268 1461; x_wconf 86' lang='lat' dir='ltr'>videri</span> <span class='ocrx_word' id='word_1_70' title='bbox 1288 1416 1462 1477; x_wconf 90' lang='lat' dir='ltr'>potest</span> <span class='ocrx_word' id='word_1_71' title='bbox 1489 1409 1629 1476; x_wconf 94' lang='lat' dir='ltr'>quod</span> <span class='ocrx_word' id='word_1_72' title='bbox 1653 1409 1887 1459; x_wconf 81' lang='lat' dir='ltr'>visibiles</span> <span class='ocrx_word' id='word_1_73' title='bbox 1912 1409 2094 1460; x_wconf 90' lang='lat' dir='ltr'>hostes</span> 
     </span>
     <span class='ocr_line' id='line_1_14' title="bbox 180 1481 2087 1549; baseline -0.002 -14"><span class='ocrx_word' id='word_1_74' title='bbox 180 1492 366 1535; x_wconf 87' lang='lat' dir='ltr'>contra</span> <span class='ocrx_word' id='word_1_75' title='bbox 399 1491 510 1535; x_wconf 88' lang='lat' dir='ltr'>tam</span> <span class='ocrx_word' id='word_1_76' title='bbox 543 1484 736 1534; x_wconf 85' lang='lat' dir='ltr'>fortem</span> <span class='ocrx_word' id='word_1_77' title='bbox 768 1483 1185 1549; x_wconf 92' lang='lat' dir='ltr'>bellicosumque</span> <span class='ocrx_word' id='word_1_78' title='bbox 1210 1482 1465 1548; x_wconf 88' lang='lat' dir='ltr'>populum</span> <span class='ocrx_word' id='word_1_79' title='bbox 1498 1481 1756 1531; x_wconf 86' lang='lat' dir='ltr'>auderent</span> <span class='ocrx_word' id='word_1_80' title='bbox 1795 1481 2087 1547; x_wconf 89' lang='lat' dir='ltr'>insurgere.</span> 
     </span>
     <span class='ocr_line' id='line_1_15' title="bbox 177 1552 2089 1618; baseline -0.003 -11"><span class='ocrx_word' id='word_1_81' title='bbox 177 1557 254 1607; x_wconf 83' lang='lat' dir='ltr'>At.</span> <span class='ocrx_word' id='word_1_82' title='bbox 279 1562 410 1606; x_wconf 89' lang='lat' dir='ltr'>tunc</span> <span class='ocrx_word' id='word_1_83' title='bbox 434 1555 636 1606; x_wconf 88' lang='lat' dir='ltr'>feroces</span> <span class='ocrx_word' id='word_1_84' title='bbox 663 1554 856 1605; x_wconf 87' lang='lat' dir='ltr'>Franci</span> <span class='ocrx_word' id='word_1_85' title='bbox 884 1554 1085 1604; x_wconf 90' lang='lat' dir='ltr'>invicta</span> <span class='ocrx_word' id='word_1_86' title='bbox 1109 1553 1424 1604; x_wconf 80' lang='lat' dir='ltr'>fortitudine</span> <span class='ocrx_word' id='word_1_87' title='bbox 1452 1571 1482 1602; x_wconf 92' lang='lat' dir='ltr'>a</span> <span class='ocrx_word' id='word_1_88' title='bbox 1508 1552 1757 1613; x_wconf 82' lang='lat' dir='ltr'>castelliS,</span> <span class='ocrx_word' id='word_1_89' title='bbox 1786 1558 1839 1602; x_wconf 92' lang='lat' dir='ltr'>et</span> <span class='ocrx_word' id='word_1_90' title='bbox 1866 1553 2089 1618; x_wconf 89' lang='lat' dir='ltr'>oppidis,</span> 
     </span>
     <span class='ocr_line' id='line_1_16' title="bbox 179 1623 2092 1692; baseline -0.003 -14"><span class='ocrx_word' id='word_1_91' title='bbox 179 1635 231 1678; x_wconf 90' lang='lat' dir='ltr'>et</span> <span class='ocrx_word' id='word_1_92' title='bbox 253 1627 555 1678; x_wconf 90' lang='lat' dir='ltr'>civitatibus</span> <span class='ocrx_word' id='word_1_93' title='bbox 581 1632 738 1692; x_wconf 91' lang='lat' dir='ltr'>atque</span> <span class='ocrx_word' id='word_1_94' title='bbox 764 1625 1001 1675; x_wconf 87' lang='lat' dir='ltr'>turribus</span> <span class='ocrx_word' id='word_1_95' title='bbox 1020 1625 1243 1675; x_wconf 91' lang='lat' dir='ltr'>viriliter</span> <span class='ocrx_word' id='word_1_96' title='bbox 1268 1623 1682 1691; x_wconf 88' lang='lat' dir='ltr'>progredientes,</span> <span class='ocrx_word' id='word_1_97' title='bbox 1703 1641 1849 1674; x_wconf 92' lang='lat' dir='ltr'>more</span> <span class='ocrx_word' id='word_1_98' title='bbox 1874 1623 2092 1674; x_wconf 88' lang='lat' dir='ltr'>leonum</span> 
     </span>
     <span class='ocr_line' id='line_1_17' title="bbox 180 1694 2094 1761; baseline -0.002 -12"><span class='ocrx_word' id='word_1_99' title='bbox 180 1698 420 1749; x_wconf 89' lang='lat' dir='ltr'>succensi</span> <span class='ocrx_word' id='word_1_100' title='bbox 470 1703 595 1748; x_wconf 89' lang='lat' dir='ltr'>sunt</span> <span class='ocrx_word' id='word_1_101' title='bbox 652 1698 748 1759; x_wconf 91' lang='lat' dir='ltr'>ira,</span> <span class='ocrx_word' id='word_1_102' title='bbox 788 1697 1029 1747; x_wconf 90' lang='lat' dir='ltr'>videntes</span> <span class='ocrx_word' id='word_1_103' title='bbox 1079 1695 1309 1746; x_wconf 89' lang='lat' dir='ltr'>nefarias</span> <span class='ocrx_word' id='word_1_104' title='bbox 1374 1694 1752 1745; x_wconf 90' lang='lat' dir='ltr'>sceleratorum</span> <span class='ocrx_word' id='word_1_105' title='bbox 1802 1700 2094 1761; x_wconf 85' lang='lat' dir='ltr'>potestates</span> 
     </span>
     <span class='ocr_line' id='line_1_18' title="bbox 180 1765 2094 1849; baseline -0.002 -28"><span class='ocrx_word' id='word_1_106' title='bbox 180 1787 467 1836; x_wconf 85' lang='lat' dir='ltr'>emergere,</span> <span class='ocrx_word' id='word_1_107' title='bbox 490 1768 684 1849; x_wconf 81' lang='lat' dir='ltr'>gaudio</span> <span class='ocrx_word' id='word_1_108' title='bbox 708 1768 1000 1834; x_wconf 88' lang='lat' dir='ltr'>laetitiaque</span> <span class='ocrx_word' id='word_1_109' title='bbox 1028 1767 1265 1818; x_wconf 88' lang='lat' dir='ltr'>exultare</span> <span class='ocrx_word' id='word_1_110' title='bbox 1291 1766 1477 1828; x_wconf 79' lang='lat' dir='ltr'>maIOS,</span> <span class='ocrx_word' id='word_1_111' title='bbox 1493 1766 1671 1833; x_wconf 87' lang='lat' dir='ltr'>jacere</span> <span class='ocrx_word' id='word_1_112' title='bbox 1698 1765 1865 1816; x_wconf 89' lang='lat' dir='ltr'>bonos</span> <span class='ocrx_word' id='word_1_113' title='bbox 1891 1771 2094 1817; x_wconf 90' lang='lat' dir='ltr'>terrore</span> 
     </span>
     <span class='ocr_line' id='line_1_19' title="bbox 178 1837 2094 1909; baseline -0.002 -18"><span class='ocrx_word' id='word_1_114' title='bbox 178 1847 486 1909; x_wconf 88' lang='lat' dir='ltr'>prostratos,</span> <span class='ocrx_word' id='word_1_115' title='bbox 528 1840 787 1890; x_wconf 89' lang='lat' dir='ltr'>innocuos</span> <span class='ocrx_word' id='word_1_116' title='bbox 848 1839 990 1902; x_wconf 90' lang='lat' dir='ltr'>flere,</span> <span class='ocrx_word' id='word_1_117' title='bbox 1036 1844 1289 1890; x_wconf 90' lang='lat' dir='ltr'>nocentes</span> <span class='ocrx_word' id='word_1_118' title='bbox 1330 1838 1583 1889; x_wconf 76' lang='lat' dir='ltr'>exultaie.</span> <span class='ocrx_word' id='word_1_119' title='bbox 1662 1837 1808 1888; x_wconf 84' lang='lat' dir='ltr'>Inito</span> <span class='ocrx_word' id='word_1_120' title='bbox 1872 1838 2094 1889; x_wconf 89' lang='lat' dir='ltr'>consilio</span> 
     </span>
     <span class='ocr_line' id='line_1_20' title="bbox 177 1908 2092 1993; baseline -0.002 -31"><span class='ocrx_word' id='word_1_121' title='bbox 177 1912 429 1993; x_wconf 83' lang='lat' dir='ltr'>prudenti</span> <span class='ocrx_word' id='word_1_122' title='bbox 473 1912 698 1968; x_wconf 89' lang='lat' dir='ltr'>audaces</span> <span class='ocrx_word' id='word_1_123' title='bbox 742 1911 935 1962; x_wconf 85' lang='lat' dir='ltr'>Franci</span> <span class='ocrx_word' id='word_1_124' title='bbox 974 1911 1177 1961; x_wconf 89' lang='lat' dir='ltr'>bellum</span> <span class='ocrx_word' id='word_1_125' title='bbox 1227 1909 1394 1961; x_wconf 90' lang='grc'>1111616</span> <span class='ocrx_word' id='word_1_126' title='bbox 1440 1908 1785 1959; x_wconf 87' lang='lat' dir='ltr'>durissimum</span> <span class='ocrx_word' id='word_1_127' title='bbox 1830 1927 1952 1960; x_wconf 90' lang='lat' dir='ltr'>cum</span> <span class='ocrx_word' id='word_1_128' title='bbox 1992 1910 2092 1960; x_wconf 91' lang='lat' dir='ltr'>Pa-</span> 
     </span>
     <span class='ocr_line' id='line_1_21' title="bbox 179 1980 2095 2061; baseline -0.002 -27"><span class='ocrx_word' id='word_1_129' title='bbox 179 1984 346 2051; x_wconf 91' lang='lat' dir='ltr'>ganis.</span> <span class='ocrx_word' id='word_1_130' title='bbox 401 1983 580 2034; x_wconf 89' lang='lat' dir='ltr'>Finito</span> <span class='ocrx_word' id='word_1_131' title='bbox 608 1984 787 2050; x_wconf 85' lang='lat' dir='ltr'>praelio</span> <span class='ocrx_word' id='word_1_132' title='bbox 815 1982 1008 2034; x_wconf 87' lang='lat' dir='ltr'>Franci</span> <span class='ocrx_word' id='word_1_133' title='bbox 1034 2000 1155 2033; x_wconf 91' lang='lat' dir='ltr'>cum</span> <span class='ocrx_word' id='word_1_134' title='bbox 1181 1981 1453 2048; x_wconf 87' lang='lat' dir='ltr'>triumpho</span> <span class='ocrx_word' id='word_1_135' title='bbox 1479 1980 1675 2032; x_wconf 89' lang='lat' dir='ltr'>reversi</span> <span class='ocrx_word' id='word_1_136' title='bbox 1702 1986 1842 2031; x_wconf 90' lang='lat' dir='ltr'>sunt.</span> <span class='ocrx_word' id='word_1_137' title='bbox 1890 1982 2095 2061; x_wconf 83' lang='lat' dir='ltr'>Pagani</span> 
     </span>
     <span class='ocr_line' id='line_1_22' title="bbox 179 2052 2096 2123; baseline -0.003 -16"><span class='ocrx_word' id='word_1_138' title='bbox 179 2056 327 2123; x_wconf 89' lang='lat' dir='ltr'>equis</span> <span class='ocrx_word' id='word_1_139' title='bbox 369 2055 640 2122; x_wconf 87' lang='lat' dir='ltr'>acquisitis</span> <span class='ocrx_word' id='word_1_140' title='bbox 670 2055 770 2106; x_wconf 89' lang='lat' dir='ltr'>hac</span> <span class='ocrx_word' id='word_1_141' title='bbox 806 2055 929 2105; x_wconf 90' lang='lat' dir='ltr'>illac</span> <span class='ocrx_word' id='word_1_142' title='bbox 971 2054 1300 2121; x_wconf 87' lang='lat' dir='ltr'>equitabant</span> <span class='ocrx_word' id='word_1_143' title='bbox 1305 2063 1323 2083; x_wconf 61' lang='lat' dir='ltr'><em>r</em></span> <span class='ocrx_word' id='word_1_144' title='bbox 1399 2052 1502 2103; x_wconf 89' lang='lat' dir='ltr'>His</span> <span class='ocrx_word' id='word_1_145' title='bbox 1547 2052 1734 2103; x_wconf 89' lang='lat' dir='ltr'>diebus</span> <span class='ocrx_word' id='word_1_146' title='bbox 1771 2053 2000 2120; x_wconf 89' lang='lat' dir='ltr'>plurima</span> <span class='ocrx_word' id='word_1_147' title='bbox 2037 2054 2096 2103; x_wconf 91' lang='lat' dir='ltr'>in</span> 
     </span>
     <span class='ocr_line' id='line_1_23' title="bbox 180 2124 2095 2194; baseline -0.002 -16"><span class='ocrx_word' id='word_1_148' title='bbox 180 2128 365 2179; x_wconf 90' lang='lat' dir='ltr'>eadem</span> <span class='ocrx_word' id='word_1_149' title='bbox 410 2133 568 2194; x_wconf 87' lang='lat' dir='ltr'>gente</span> <span class='ocrx_word' id='word_1_150' title='bbox 608 2126 931 2187; x_wconf 84' lang='lat' dir='ltr'>monasteria</span> <span class='ocrx_word' id='word_1_151' title='bbox 975 2143 1230 2177; x_wconf 89' lang='lat' dir='ltr'>concussa</span> <span class='ocrx_word' id='word_1_152' title='bbox 1268 2130 1392 2175; x_wconf 87' lang='lat' dir='ltr'>sunt</span> <span class='ocrx_word' id='word_1_153' title='bbox 1434 2142 1493 2174; x_wconf 92' lang='lat' dir='ltr'>ac</span> <span class='ocrx_word' id='word_1_154' title='bbox 1529 2124 1783 2175; x_wconf 87' lang='lat' dir='ltr'>desolata.</span> <span class='ocrx_word' id='word_1_155' title='bbox 1860 2125 2005 2175; x_wconf 89' lang='lat' dir='ltr'>Nam</span> <span class='ocrx_word' id='word_1_156' title='bbox 2041 2131 2095 2176; x_wconf 90' lang='lat' dir='ltr'>et</span> 
     </span>
     <span class='ocr_line' id='line_1_24' title="bbox 179 2196 2095 2262; baseline -0.001 -13"><span class='ocrx_word' id='word_1_157' title='bbox 179 2199 370 2250; x_wconf 86' lang='lat' dir='ltr'>fratres</span> <span class='ocrx_word' id='word_1_158' title='bbox 405 2198 633 2250; x_wconf 88' lang='lat' dir='ltr'>coenobii</span> <span class='ocrx_word' id='word_1_159' title='bbox 668 2198 987 2249; x_wconf 89' lang='lat' dir='ltr'>sanctissimi</span> <span class='ocrx_word' id='word_1_160' title='bbox 1027 2196 1325 2259; x_wconf 89' lang='lat' dir='ltr'>Benedicti,</span> <span class='ocrx_word' id='word_1_161' title='bbox 1353 2196 1518 2262; x_wconf 87' lang='lat' dir='ltr'>ipsius</span> <span class='ocrx_word' id='word_1_162' title='bbox 1552 2196 1802 2262; x_wconf 89' lang='lat' dir='ltr'>reliquias</span> <span class='ocrx_word' id='word_1_163' title='bbox 1830 2214 1859 2246; x_wconf 91' lang='lat' dir='ltr'>a</span> <span class='ocrx_word' id='word_1_164' title='bbox 1884 2197 2095 2247; x_wconf 90' lang='lat' dir='ltr'>tumulo</span> 
     </span>
     <span class='ocr_line' id='line_1_25' title="bbox 181 2267 2094 2338; baseline -0.002 -17"><span class='ocrx_word' id='word_1_165' title='bbox 181 2289 284 2338; x_wconf 91' lang='lat' dir='ltr'>quo</span> <span class='ocrx_word' id='word_1_166' title='bbox 326 2271 501 2321; x_wconf 89' lang='lat' dir='ltr'>locata</span> <span class='ocrx_word' id='word_1_167' title='bbox 543 2270 757 2320; x_wconf 87' lang='lat' dir='ltr'>fuerant</span> <span class='ocrx_word' id='word_1_168' title='bbox 795 2270 1059 2320; x_wconf 88' lang='lat' dir='ltr'>immensa</span> <span class='ocrx_word' id='word_1_169' title='bbox 1101 2267 1499 2336; x_wconf 87' lang='lat' dir='ltr'>pulchritudine</span> <span class='ocrx_word' id='word_1_170' title='bbox 1549 2285 1730 2318; x_wconf 89' lang='lat' dir='ltr'>secum</span> <span class='ocrx_word' id='word_1_171' title='bbox 1775 2268 2094 2330; x_wconf 88' lang='lat' dir='ltr'>auferentes,</span> 
     </span>
     <span class='ocr_line' id='line_1_26' title="bbox 179 2341 842 2393; baseline -0.002 0"><span class='ocrx_word' id='word_1_172' title='bbox 179 2342 281 2393; x_wconf 88' lang='lat' dir='ltr'>hac</span> <span class='ocrx_word' id='word_1_173' title='bbox 306 2342 429 2393; x_wconf 93' lang='lat' dir='ltr'>illac</span> <span class='ocrx_word' id='word_1_174' title='bbox 456 2341 842 2392; x_wconf 88' lang='lat' dir='ltr'>discurrebant.</span> 
     </span>
    </p>
   </div>
   <div class='ocr_carea' id='block_1_6' title="bbox 972 2521 1312 2555">
    <p class='ocr_par' dir='ltr' id='par_1_6' title="bbox 972 2521 1312 2555">
     <span class='ocr_line' id='line_1_27' title="bbox 972 2521 1312 2555; baseline 0 -1"><span class='ocrx_word' id='word_1_175' title='bbox 972 2521 1312 2555; x_wconf 84' lang='lat' dir='ltr'>DCCCLXXXIL</span> 
     </span>
    </p>
   </div>
   <div class='ocr_carea' id='block_1_7' title="bbox 181 2602 2102 3528">
    <p class='ocr_par' dir='ltr' id='par_1_7' title="bbox 181 2602 2102 3528">
     <span class='ocr_line' id='line_1_28' title="bbox 253 2602 2097 2670; baseline 0.001 -14"><span class='ocrx_word' id='word_1_176' title='bbox 253 2605 413 2657; x_wconf 90' lang='lat' dir='ltr'>Anno</span> <span class='ocrx_word' id='word_1_177' title='bbox 451 2604 749 2656; x_wconf 87' lang='lat' dir='ltr'>Dominicae</span> <span class='ocrx_word' id='word_1_178' title='bbox 791 2603 1175 2654; x_wconf 91' lang='lat' dir='ltr'>incarnationis</span> <span class='ocrx_word' id='word_1_179' title='bbox 1217 2602 1550 2670; x_wconf 83' lang='lat' dir='ltr'>neco.lxxxij,</span> <span class='ocrx_word' id='word_1_180' title='bbox 1578 2602 1875 2656; x_wconf 87' lang='lat' dir='ltr'>nativitatis</span> <span class='ocrx_word' id='word_1_181' title='bbox 1917 2612 2097 2658; x_wconf 91' lang='lat' dir='ltr'>autem</span> 
     </span>
     <span class='ocr_line' id='line_1_29' title="bbox 183 2670 2102 2746; baseline 0.001 -17"><span class='ocrx_word' id='word_1_182' title='bbox 183 2678 391 2729; x_wconf 86' lang='lat' dir='ltr'>Elfredi</span> <span class='ocrx_word' id='word_1_183' title='bbox 418 2676 635 2742; x_wconf 85' lang='lat' dir='ltr'>gloriosi</span> <span class='ocrx_word' id='word_1_184' title='bbox 673 2675 813 2742; x_wconf 90' lang='lat' dir='ltr'>regis</span> <span class='ocrx_word' id='word_1_185' title='bbox 847 2676 988 2742; x_wconf 85' lang='lat' dir='ltr'>xxxj,</span> <span class='ocrx_word' id='word_1_186' title='bbox 1016 2676 1355 2741; x_wconf 88' lang='lat' dir='ltr'>Paganorum</span> <span class='ocrx_word' id='word_1_187' title='bbox 1383 2670 1793 2726; x_wconf 74' lang='lat' dir='ltr'>exercitus&#39;suas</span> <span class='ocrx_word' id='word_1_188' title='bbox 1819 2695 1980 2729; x_wconf 89' lang='lat' dir='ltr'>naves</span> <span class='ocrx_word' id='word_1_189' title='bbox 2006 2697 2102 2746; x_wconf 88' lang='lat' dir='ltr'>per</span> 
     </span>
     <span class='ocr_line' id='line_1_30' title="bbox 181 2747 2098 2817; baseline 0.001 -17"><span class='ocrx_word' id='word_1_190' title='bbox 181 2750 381 2801; x_wconf 88' lang='lat' dir='ltr'>fiumen</span> <span class='ocrx_word' id='word_1_191' title='bbox 422 2748 563 2816; x_wconf 93' lang='lat' dir='ltr'>quod</span> <span class='ocrx_word' id='word_1_192' title='bbox 607 2747 991 2798; x_wconf 88' lang='lat' dir='ltr'>dicitur·Mese</span> <span class='ocrx_word' id='word_1_193' title='bbox 1020 2747 1076 2797; x_wconf 90' lang='grc'>111</span> <span class='ocrx_word' id='word_1_194' title='bbox 1103 2747 1447 2813; x_wconf 85' lang='lat' dir='ltr'>Francigenae</span> <span class='ocrx_word' id='word_1_195' title='bbox 1474 2747 1648 2813; x_wconf 85' lang='lat' dir='ltr'>gentis</span> <span class='ocrx_word' id='word_1_196' title='bbox 1674 2748 1946 2814; x_wconf 89' lang='lat' dir='ltr'>regionem</span> <span class='ocrx_word' id='word_1_197' title='bbox 1980 2769 2098 2817; x_wconf 88' lang='lat' dir='ltr'>per-</span> 
     </span>
     <span class='ocr_line' id='line_1_31' title="bbox 181 2818 2102 2885; baseline 0.001 -13"><span class='ocrx_word' id='word_1_198' title='bbox 181 2821 360 2883; x_wconf 87' lang='lat' dir='ltr'>traxit,</span> <span class='ocrx_word' id='word_1_199' title='bbox 389 2827 442 2871; x_wconf 93' lang='lat' dir='ltr'>et</span> <span class='ocrx_word' id='word_1_200' title='bbox 479 2819 555 2870; x_wconf 92' lang='lat' dir='ltr'>ibi</span> <span class='ocrx_word' id='word_1_201' title='bbox 587 2819 842 2870; x_wconf 88' lang='lat' dir='ltr'>hiemavit</span> <span class='ocrx_word' id='word_1_202' title='bbox 867 2836 976 2869; x_wconf 91' lang='lat' dir='ltr'>uno</span> <span class='ocrx_word' id='word_1_203' title='bbox 1004 2836 1160 2869; x_wconf 86' lang='lat' dir='ltr'>anno.</span> <span class='ocrx_word' id='word_1_204' title='bbox 1236 2818 1441 2869; x_wconf 89' lang='lat' dir='ltr'>Eodem</span> <span class='ocrx_word' id='word_1_205' title='bbox 1468 2818 1696 2885; x_wconf 90' lang='lat' dir='ltr'>denique</span> <span class='ocrx_word' id='word_1_206' title='bbox 1732 2838 1888 2884; x_wconf 89' lang='lat' dir='ltr'>ann0,</span> <span class='ocrx_word' id='word_1_207' title='bbox 1915 2822 2102 2874; x_wconf 88' lang='lat' dir='ltr'>Elfred</span> 
     </span>
     <span class='ocr_line' id='line_1_32' title="bbox 181 2890 2099 2970; baseline 0 -26"><span class='ocrx_word' id='word_1_208' title='bbox 181 2911 274 2944; x_wconf 85' lang='lat' dir='ltr'>rex</span> <span class='ocrx_word' id='word_1_209' title='bbox 326 2894 614 2954; x_wconf 86' lang='lat' dir='ltr'>Saxonum,</span> <span class='ocrx_word' id='word_1_210' title='bbox 668 2890 1051 2941; x_wconf 88' lang='lat' dir='ltr'>audacissimus</span> <span class='ocrx_word' id='word_1_211' title='bbox 1102 2890 1317 2970; x_wconf 80' lang='lat' dir='ltr'>ducum,</span> <span class='ocrx_word' id='word_1_212' title='bbox 1370 2890 1545 2940; x_wconf 86' lang='lat' dir='ltr'>navali</span> <span class='ocrx_word' id='word_1_213' title='bbox 1593 2891 1780 2957; x_wconf 89' lang='lat' dir='ltr'>proelio</span> <span class='ocrx_word' id='word_1_214' title='bbox 1831 2893 2099 2958; x_wconf 87' lang='lat' dir='ltr'>suffultus,</span> 
     </span>
     <span class='ocr_line' id='line_1_33' title="bbox 183 2961 2101 3043; baseline 0.001 -28"><span class='ocrx_word' id='word_1_215' title='bbox 183 2970 369 3016; x_wconf 91' lang='lat' dir='ltr'>contra</span> <span class='ocrx_word' id='word_1_216' title='bbox 393 2963 686 3030; x_wconf 91' lang='lat' dir='ltr'>Paganicas</span> <span class='ocrx_word' id='word_1_217' title='bbox 712 2980 872 3013; x_wconf 87' lang='lat' dir='ltr'>naves</span> <span class='ocrx_word' id='word_1_218' title='bbox 898 2962 956 3012; x_wconf 89' lang='lat' dir='ltr'>in</span> <span class='ocrx_word' id='word_1_219' title='bbox 982 2961 1118 3012; x_wconf 90' lang='lat' dir='ltr'>mari</span> <span class='ocrx_word' id='word_1_220' title='bbox 1144 2979 1457 3028; x_wconf 90' lang='lat' dir='ltr'>congressus</span> <span class='ocrx_word' id='word_1_221' title='bbox 1486 2968 1583 3012; x_wconf 89' lang='lat' dir='ltr'>est.</span> <span class='ocrx_word' id='word_1_222' title='bbox 1660 2963 1741 3012; x_wconf 89' lang='lat' dir='ltr'>Ex</span> <span class='ocrx_word' id='word_1_223' title='bbox 1770 2963 2001 3043; x_wconf 89' lang='lat' dir='ltr'>quibus</span> <span class='ocrx_word' id='word_1_224' title='bbox 1988 2984 2101 3032; x_wconf 80' lang='lat' dir='ltr'>ipse</span> 
     </span>
     <span class='ocr_line' id='line_1_34' title="bbox 183 3033 2101 3116; baseline 0.001 -29"><span class='ocrx_word' id='word_1_225' title='bbox 183 3036 464 3116; x_wconf 77' lang='lat' dir='ltr'>equilocus</span> <span class='ocrx_word' id='word_1_226' title='bbox 482 3035 613 3085; x_wconf 88' lang='lat' dir='ltr'>duas</span> <span class='ocrx_word' id='word_1_227' title='bbox 647 3033 855 3101; x_wconf 89' lang='lat' dir='ltr'>potenti</span> <span class='ocrx_word' id='word_1_228' title='bbox 879 3033 1076 3084; x_wconf 92' lang='lat' dir='ltr'>virtute</span> <span class='ocrx_word' id='word_1_229' title='bbox 1102 3051 1263 3084; x_wconf 89' lang='lat' dir='ltr'>naves</span> <span class='ocrx_word' id='word_1_230' title='bbox 1289 3033 1611 3113; x_wconf 83' lang='lat' dir='ltr'>exuperavit,</span> <span class='ocrx_word' id='word_1_231' title='bbox 1639 3034 1826 3085; x_wconf 90' lang='lat' dir='ltr'>occisis</span> <span class='ocrx_word' id='word_1_232' title='bbox 1853 3037 2101 3088; x_wconf 90' lang='lat' dir='ltr'>omnibus</span> 
     </span>
     <span class='ocr_line' id='line_1_35' title="bbox 182 3105 2101 3174; baseline 0.001 -16"><span class='ocrx_word' id='word_1_233' title='bbox 182 3108 273 3174; x_wconf 92' lang='lat' dir='ltr'>qui</span> <span class='ocrx_word' id='word_1_234' title='bbox 321 3107 380 3157; x_wconf 89' lang='lat' dir='ltr'>in</span> <span class='ocrx_word' id='word_1_235' title='bbox 421 3106 496 3158; x_wconf 90' lang='lat' dir='ltr'>eis</span> <span class='ocrx_word' id='word_1_236' title='bbox 541 3111 709 3156; x_wconf 90' lang='lat' dir='ltr'>erant.</span> <span class='ocrx_word' id='word_1_237' title='bbox 789 3105 890 3155; x_wconf 92' lang='lat' dir='ltr'>His</span> <span class='ocrx_word' id='word_1_238' title='bbox 932 3105 1230 3171; x_wconf 88' lang='lat' dir='ltr'>exuperatis</span> <span class='ocrx_word' id='word_1_239' title='bbox 1279 3105 1579 3171; x_wconf 85' lang='lat' dir='ltr'>principum</span> <span class='ocrx_word' id='word_1_240' title='bbox 1629 3105 1874 3173; x_wconf 87' lang='lat' dir='ltr'>princeps</span> <span class='ocrx_word' id='word_1_241' title='bbox 1925 3115 2101 3174; x_wconf 88' lang='lat' dir='ltr'>grates</span> 
     </span>
     <span class='ocr_line' id='line_1_36' title="bbox 181 3176 2098 3256; baseline 0.001 -27"><span class='ocrx_word' id='word_1_242' title='bbox 181 3178 413 3230; x_wconf 89' lang='lat' dir='ltr'>reddidit</span> <span class='ocrx_word' id='word_1_243' title='bbox 463 3177 651 3256; x_wconf 89' lang='lat' dir='ltr'>dignas</span> <span class='ocrx_word' id='word_1_244' title='bbox 701 3176 971 3243; x_wconf 88' lang='lat' dir='ltr'>sospitatis</span> <span class='ocrx_word' id='word_1_245' title='bbox 1013 3176 1256 3226; x_wconf 87' lang='lat' dir='ltr'>Auctori.</span> <span class='ocrx_word' id='word_1_246' title='bbox 1336 3176 1481 3228; x_wconf 75' lang='lat' dir='ltr'>Quid</span> <span class='ocrx_word' id='word_1_247' title='bbox 1526 3176 1718 3227; x_wconf 88' lang='lat' dir='ltr'>deinde</span> <span class='ocrx_word' id='word_1_248' title='bbox 1768 3184 1979 3244; x_wconf 90' lang='lat' dir='ltr'>gestum</span> <span class='ocrx_word' id='word_1_249' title='bbox 2031 3182 2098 3231; x_wconf 78' lang='lat' dir='ltr'>sit</span> 
     </span>
     <span class='ocr_line' id='line_1_37' title="bbox 181 3247 2097 3315; baseline 0.001 -15"><span class='ocrx_word' id='word_1_250' title='bbox 181 3250 377 3300; x_wconf 79' lang='lat' dir='ltr'>referie</span> <span class='ocrx_word' id='word_1_251' title='bbox 401 3249 549 3300; x_wconf 88' lang='lat' dir='ltr'>libet.</span> <span class='ocrx_word' id='word_1_252' title='bbox 626 3248 899 3315; x_wconf 90' lang='lat' dir='ltr'>Principes</span> <span class='ocrx_word' id='word_1_253' title='bbox 934 3247 1160 3298; x_wconf 88' lang='lat' dir='ltr'>duarum</span> <span class='ocrx_word' id='word_1_254' title='bbox 1197 3247 1415 3298; x_wconf 88' lang='lat' dir='ltr'>navium</span> <span class='ocrx_word' id='word_1_255' title='bbox 1455 3254 1573 3314; x_wconf 89' lang='lat' dir='ltr'>post</span> <span class='ocrx_word' id='word_1_256' title='bbox 1613 3248 1727 3299; x_wconf 81' lang='lat' dir='ltr'>haec</span> <span class='ocrx_word' id='word_1_257' title='bbox 1767 3267 1890 3300; x_wconf 89' lang='lat' dir='ltr'>cum</span> <span class='ocrx_word' id='word_1_258' title='bbox 1925 3253 2097 3302; x_wconf 90' lang='lat' dir='ltr'>omni-</span> 
     </span>
     <span class='ocr_line' id='line_1_38' title="bbox 181 3319 2095 3386; baseline 0.001 -16"><span class='ocrx_word' id='word_1_259' title='bbox 181 3319 282 3370; x_wconf 89' lang='lat' dir='ltr'>bus</span> <span class='ocrx_word' id='word_1_260' title='bbox 334 3320 488 3371; x_wconf 89' lang='lat' dir='ltr'>sociis</span> <span class='ocrx_word' id='word_1_261' title='bbox 537 3320 689 3371; x_wconf 90' lang='lat' dir='ltr'>valde</span> <span class='ocrx_word' id='word_1_262' title='bbox 744 3319 1060 3381; x_wconf 89' lang='lat' dir='ltr'>vulneravit,</span> <span class='ocrx_word' id='word_1_263' title='bbox 1113 3319 1220 3386; x_wconf 90' lang='lat' dir='ltr'>qui,</span> <span class='ocrx_word' id='word_1_264' title='bbox 1276 3319 1530 3386; x_wconf 89' lang='lat' dir='ltr'>depositis</span> <span class='ocrx_word' id='word_1_265' title='bbox 1590 3320 1853 3372; x_wconf 88' lang='lat' dir='ltr'>enerviter</span> <span class='ocrx_word' id='word_1_266' title='bbox 1917 3323 2095 3385; x_wconf 88' lang='lat' dir='ltr'>armis,</span> 
     </span>
     <span class='ocr_line' id='line_1_39' title="bbox 184 3390 2096 3460; baseline 0.002 -20"><span class='ocrx_word' id='word_1_267' title='bbox 184 3391 356 3441; x_wconf 88' lang='lat' dir='ltr'>curvis</span> <span class='ocrx_word' id='word_1_268' title='bbox 391 3391 681 3458; x_wconf 90' lang='lat' dir='ltr'>poplitibus</span> <span class='ocrx_word' id='word_1_269' title='bbox 710 3390 1058 3457; x_wconf 89' lang='lat' dir='ltr'>precibusque</span> <span class='ocrx_word' id='word_1_270' title='bbox 1086 3390 1412 3457; x_wconf 87' lang='lat' dir='ltr'>supplicibus</span> <span class='ocrx_word' id='word_1_271' title='bbox 1440 3390 1632 3441; x_wconf 88' lang='lat' dir='ltr'>dedere</span> <span class='ocrx_word' id='word_1_272' title='bbox 1660 3409 1715 3442; x_wconf 92' lang='grc'>86</span> <span class='ocrx_word' id='word_1_273' title='bbox 1742 3392 1856 3459; x_wconf 88' lang='lat' dir='ltr'>regi</span> <span class='ocrx_word' id='word_1_274' title='bbox 1881 3411 2096 3460; x_wconf 90' lang='lat' dir='ltr'>magno,</span> 
     </span>
     <span class='ocr_line' id='line_1_40' title="bbox 185 3461 1567 3528; baseline -0.001 -16"><span class='ocrx_word' id='word_1_275' title='bbox 185 3462 437 3528; x_wconf 90' lang='lat' dir='ltr'>quamdiu</span> <span class='ocrx_word' id='word_1_276' title='bbox 461 3462 752 3513; x_wconf 89' lang='lat' dir='ltr'>scintillula</span> <span class='ocrx_word' id='word_1_277' title='bbox 774 3461 952 3512; x_wconf 89' lang='lat' dir='ltr'>vitalis</span> <span class='ocrx_word' id='word_1_278' title='bbox 979 3461 1168 3512; x_wconf 90' lang='lat' dir='ltr'>caloris</span> <span class='ocrx_word' id='word_1_279' title='bbox 1194 3462 1270 3512; x_wconf 91' lang='lat' dir='ltr'>eis</span> <span class='ocrx_word' id='word_1_280' title='bbox 1296 3461 1567 3513; x_wconf 89' lang='lat' dir='ltr'>arrideret.</span> 
     </span>
    </p>
   </div>
   <div class='ocr_carea' id='block_1_8' title="bbox 646 3578 1584 3701">
    <p class='ocr_par' dir='ltr' id='par_1_8' title="bbox 646 3578 1584 3701">
     <span class='ocr_line' id='line_1_41' title="bbox 646 3578 1584 3635; baseline 0.002 -2"><span class='ocrx_word' id='word_1_281' title='bbox 646 3601 668 3625; x_wconf 71' lang='lat'>¹·</span> <span class='ocrx_word' id='word_1_282' title='bbox 690 3578 769 3634; x_wconf 38' lang='lat' dir='ltr'>‘An</span> <span class='ocrx_word' id='word_1_283' title='bbox 789 3593 1121 3635; x_wconf 85' lang='lat' dir='ltr'>interlineation.</span> <span class='ocrx_word' id='word_1_284' title='bbox 1400 3602 1415 3627; x_wconf 82' lang='lat'><strong>⁹</strong></span> <span class='ocrx_word' id='word_1_285' title='bbox 1446 3594 1584 3635; x_wconf 85' lang='lat' dir='ltr'>Asser.</span> 
     </span>
     <span class='ocr_line' id='line_1_42' title="bbox 653 3648 1370 3701; baseline 0.001 -13"><span class='ocrx_word' id='word_1_286' title='bbox 653 3654 667 3670; x_wconf 77' lang='lat'><em>⁷</em></span> <span class='ocrx_word' id='word_1_287' title='bbox 695 3648 824 3689; x_wconf 83' lang='lat' dir='ltr'>From</span> <span class='ocrx_word' id='word_1_288' title='bbox 844 3648 971 3689; x_wconf 85' lang='lat' dir='ltr'>Asser</span> <span class='ocrx_word' id='word_1_289' title='bbox 991 3662 1048 3701; x_wconf 90' lang='lat' dir='ltr'>up</span> <span class='ocrx_word' id='word_1_290' title='bbox 1068 3652 1113 3689; x_wconf 87' lang='lat' dir='ltr'>to</span> <span class='ocrx_word' id='word_1_291' title='bbox 1132 3649 1218 3689; x_wconf 86' lang='lat' dir='ltr'>this</span> <span class='ocrx_word' id='word_1_292' title='bbox 1238 3649 1370 3700; x_wconf 85' lang='lat' dir='ltr'>point.</span> 
     </span>
    </p>
   </div>
  </div>
 </body>
</html>
