2384 4126
801 405 1045 438 AUCTORE
1086 405 1367 438 Axoero.
1944 392 2040 442 141

135 532 333 595 Crecas
359 537 412 583 et
437 531 541 583 tria
566 530 816 582 milliaria
842 531 897 580 in
919 530 1146 581 circuitu
1167 530 1333 597 ipsius
1353 530 1508 592 villae,
1537 535 1598 580 ut
1618 530 1693 581 ibi
1713 530 2046 582 mansionem

131 605 368 666 haberet,
406 603 651 670 quotiens
687 602 752 653 ad
783 602 1078 653 Eboracam
1115 602 1385 653 civitatem
1422 601 1541 664 iret,
1569 602 1653 652 vel
1677 601 1802 653 inde
1829 602 2041 654 rediret.

131 678 202 728 Et
228 676 302 726 ibi
331 677 559 726 Sanctus
585 674 916 725 Cuthbertus
943 673 1411 740 congregationem
1436 673 1821 724 monachorum
1847 674 2043 741 posuit,

132 754 185 800 et
212 747 459 798 abbatem
485 746 765 797 ordinavit.
843 747 915 796 Et
958 745 1082 812 quia
1119 745 1399 796 videbatur
1442 763 1604 812 parva
1643 751 1804 807 terra,
1851 745 2046 812 adjecit

133 819 403 871 civitatem
437 836 554 885 quae
588 823 807 868 vocatur
837 817 993 880 Luel,
1031 834 1147 884 quae
1184 816 1346 868 habet
1384 816 1441 866 in
1476 816 1703 867 circuitu
1740 816 2047 883 quindecim

130 890 395 953 milliaria,
439 897 491 940 et
517 889 574 939 in
601 890 784 940 eadem
812 888 1026 939 civitate
1057 888 1234 955 posuit
1261 888 1731 955 congregationem
1758 888 2044 939 sanctimo-

130 962 372 1024 nialium,
401 967 455 1012 et
476 960 798 1011 abbatissam
825 960 1106 1023 ordinavit,
1128 966 1181 1011 et
1202 960 1370 1010 scolas
1392 960 1688 1010 constituit.
1754 960 2045 1027 Postquam

131 1052 254 1086 vero
293 1035 519 1084 Sanctus
559 1032 892 1083 Cuthbertus
932 1031 1206 1082 suscitavit
1246 1049 1469 1099 puerum
1508 1050 1538 1081 a
1575 1031 1796 1082 mortuis
1830 1031 1887 1081 in
1918 1032 2046 1083 villa

134 1124 250 1173 quae
294 1111 511 1156 vocatur
560 1103 883 1166 Exanforda,
928 1103 1075 1154 dedit
1127 1104 1175 1154 ei
1218 1121 1310 1154 rex
1355 1103 1639 1170 Ecgfridus
1683 1109 1881 1154 terram
1928 1122 2045 1170 quae

129 1183 350 1229 vocatur
391 1176 627 1228 Cartmel
663 1182 715 1226 et
756 1193 940 1226 omnes
975 1175 1265 1225 Britannos
1308 1193 1425 1226 cum
1470 1192 1549 1237 eo,
1590 1182 1643 1225 et
1676 1175 1858 1225 villam
1897 1175 2045 1225 illam

131 1268 249 1317 quae
283 1254 502 1299 vocatur
538 1247 898 1314 Suthgedluit,
939 1253 991 1297 et
1031 1246 1283 1314 quicquid
1322 1247 1386 1297 ad
1425 1264 1541 1297 eam
1582 1246 1831 1313 pertinet.
1912 1247 2044 1297 Haec

130 1320 310 1372 omnia
337 1320 437 1370 sibi
464 1338 494 1370 a
521 1320 718 1369 Sancto
746 1318 1046 1369 Cuthberto
1073 1318 1354 1369 commissa
1378 1318 1550 1369 bonus
1580 1318 1742 1369 abbas
1769 1318 2046 1370 Cineferth

126 1393 268 1443 filius
295 1391 537 1459 Cygincg
564 1390 829 1457 sapienter
854 1390 1135 1453 ordinavit,
1164 1390 1302 1441 sicut
1327 1390 1510 1440 voluit.

234 1465 314 1514 Ea
339 1468 657 1529 tempestate
682 1462 940 1528 pugnavit
965 1461 1155 1528 ngrid
1181 1479 1272 1512 rex
1298 1467 1484 1512 contra
1508 1479 1684 1528 regem
1715 1461 2044 1512 Merciorum

127 1535 412 1586 Wulfhere
431 1534 603 1602 filium
622 1533 857 1596 Pendici,
880 1541 933 1584 et
960 1551 1094 1584 caeso
1115 1532 1350 1583 exercitu
1376 1533 1520 1582 illius
1546 1533 1721 1599 ipsum
1741 1533 1885 1595 vicit,
1908 1540 1961 1584 et
1987 1533 2045 1583 in

127 1608 328 1674 fugam,
368 1623 475 1656 uno
507 1611 722 1656 tantum
749 1604 1039 1655 comitante
1065 1605 1305 1670 puerulo,
1347 1604 1623 1655 convertit.
1701 1605 1773 1654 Et
1810 1604 1911 1654 hoc
1950 1604 2042 1655 ob-

128 1679 293 1729 tinuit
317 1696 410 1745 per
437 1676 694 1728 auxilium
732 1676 917 1726 Sancti
941 1675 1225 1738 Wilfrithi,
1266 1675 1357 1742 qui
1396 1693 1517 1725 cum
1558 1693 1619 1726 eo
1653 1674 1775 1738 fuit,
1815 1675 2044 1726 maxime

128 1768 251 1802 vero
276 1767 370 1817 per
404 1748 670 1799 orationes
699 1747 884 1797 Sancti
912 1746 1197 1798 Cuthberti
1224 1747 1315 1812 qui
1342 1746 1532 1797 absens
1568 1753 1698 1797 erat.
1777 1748 1906 1797 Post
1944 1747 2045 1797 hoc

126 1822 326 1873 bellum
354 1820 499 1871 dedit
526 1818 811 1885 Ecgfridus
838 1836 929 1869 rex
959 1819 1157 1869 Sancto
1185 1817 1485 1869 Cuthberto
1517 1818 1762 1880 Carrum,
1803 1824 1856 1869 et
1895 1819 2043 1885 quic-

127 1893 256 1962 quid
297 1892 363 1943 ad
404 1909 522 1943 eam
561 1890 811 1958 pertinet.
887 1891 959 1940 Et
998 1890 1186 1940 habuit
1223 1908 1346 1941 eum
1380 1889 1437 1941 in
1470 1908 1680 1940 summa
1705 1891 2046 1941 veneratione

125 1965 381 2033 quamdiu
417 1963 567 2024 vixit,
610 1963 721 2029 ipse
766 1967 819 2013 et
859 1967 975 2013 tota
1020 1980 1116 2012 sua
1160 1961 1425 2028 cognatio,
1468 1962 1638 2012 donec
1683 1979 1744 2012 eo
1791 1961 2045 2013 defuncto

123 2042 384 2089 venerunt
412 2034 703 2101 Scaldingi,
732 2039 785 2085 et
812 2033 1110 2085 Eboracam
1138 2033 1408 2085 civitatem
1434 2033 1728 2100 fregerunt,
1766 2040 1819 2084 et
1845 2040 2045 2085 terram

124 2113 483 2160 vastaverunt.

233 2181 362 2231 Post
380 2179 482 2229 hoc
503 2177 756 2229 successit
781 2176 838 2227 in
864 2195 1092 2244 regnum
1110 2176 1375 2228 Ceolwulf
1393 2176 1535 2227 filius
1561 2175 1924 2243 Cuthwining,
1954 2176 2046 2243 qui

125 2252 288 2303 etiam
315 2269 369 2302 se
392 2251 587 2301 Sancto
609 2248 908 2301 Cuthberto
935 2248 1188 2311 subdidit,
1218 2256 1271 2300 et
1298 2248 1516 2299 dimisso
1541 2265 1708 2315 regno
1734 2266 1855 2299 cum
1881 2265 2045 2299 uxore

123 2340 219 2391 pro
246 2339 424 2373 amore
451 2320 555 2372 Dei
581 2338 635 2371 se
663 2338 786 2371 cum
813 2337 1009 2385 magno
1034 2320 1287 2370 thesauro
1324 2319 1390 2370 ad
1415 2319 1801 2370 monasterium
1828 2318 2042 2369 Lindis-

124 2395 370 2445 farnense
392 2392 637 2454 contulit,
657 2391 879 2442 barbam
904 2391 1166 2457 deposuit,
1195 2408 1446 2441 coronam
1474 2390 1693 2457 accepit,
1715 2395 1768 2441 et
1792 2390 1845 2440 S.
1871 2390 2041 2441 Cuth-

122 2466 277 2517 berto
301 2464 484 2515 villam
517 2462 734 2513 nomine
759 2462 1153 2513 Werceworthe
1188 2480 1310 2512 cum
1346 2462 1456 2512 suis
1491 2461 1842 2529 appenditiism
1876 2462 2041 2513 dedit.

127 2539 198 2589 Et
232 2536 290 2586 hi
325 2542 450 2586 sunt
483 2534 702 2585 termini
738 2534 893 2584 istius
926 2533 1078 2584 villae.
1156 2533 1243 2584 Ab
1285 2552 1422 2600 aqua
1463 2551 1579 2600 quae
1614 2539 1830 2584 vocatur
1864 2533 2045 2596 Lina,'‘

121 2626 289 2676 usque
335 2607 401 2658 ad
447 2606 724 2668 Cocwuda,
771 2611 825 2656 et
865 2605 988 2655 inde
1034 2623 1201 2672 usque
1247 2605 1313 2655 ad
1358 2604 1629 2656 civitatem
1668 2622 1784 2671 quae
1822 2611 2042 2655 vocatur

124 2679 468 2742 Brincewele,
509 2684 561 2729 et
602 2696 632 2728 a
667 2677 930 2728 Cocwuda
963 2695 1132 2743 usque
1167 2676 1509 2727 Hafodscelfe
1541 2694 1723 2727 versus
1759 2676 2039 2739 orientem,

124 2759 177 2803 et
206 2752 270 2803 ab
296 2751 438 2801 Alna
463 2759 631 2816 usque
657 2749 714 2798 in
740 2748 1017 2799 dimidiam
1043 2749 1183 2799 viam
1210 2748 1352 2799 inter
1379 2748 1610 2800 Cocwud
1637 2754 1690 2800 et
1715 2748 1875 2798 Alna.

207 2870 217 2895 ²
247 2870 423 2921 Crayke,
459 2882 558 2909 near
588 2868 869 2920 Easingwold‚
909 2881 933 2907 a
963 2867 1114 2918 village
1148 2880 1203 2907 on
1237 2880 1261 2906 a
1294 2867 1596 2918 commanding
1633 2866 1865 2917 eminence,
1903 2867 2042 2907 which

122 2928 273 2966 towers
293 2926 421 2965 above
441 2925 514 2964 the
534 2926 717 2975 country
738 2923 934 2974 formerly
956 2922 1157 2973 occupied
1176 2923 1232 2974 by
1251 2922 1325 2962 the
1346 2923 1474 2962 forest
1494 2922 1540 2961 of
1565 2922 1742 2963 GaltreS.

208 2989 233 3004 ⁷¹¹
263 2980 388 3019 After
418 2979 503 3018 this
532 2979 646 3019 word
673 2979 746 3018 the
766 2980 857 3018 text
877 2978 911 3017 is
931 2978 1058 3017 taken
1081 2977 1188 3016 from
1208 2977 1281 3017 the
1302 2976 1466 3016 Oxford
1486 2976 1593 3027 MS.,
1613 2977 1752 3016 which
1772 2976 1807 3016 is
1827 2976 1976 3017 earlier
1995 2976 2042 3016 in

123 3035 219 3075 date
238 3035 321 3074 and
340 3046 455 3074 more
474 3036 668 3074 accurate
687 3033 793 3073 than
811 3033 905 3072 that
923 3032 1144 3084 preserved
1163 3034 1206 3071 at
1226 3031 1489 3083 Cambridge.

209 3097 226 3114 ⁷²
258 3090 348 3129 The
381 3088 489 3128 Line
519 3088 554 3127 is
587 3101 611 3128 a
641 3087 760 3127 small
791 3089 944 3127 stream
975 3087 1112 3127 which
1146 3086 1236 3126 falls
1266 3086 1358 3126 into
1389 3087 1462 3126 the
1496 3099 1576 3136 sea,
1607 3088 1680 3126 ten
1706 3086 1826 3126 miles
1853 3086 1979 3126 south
2000 3086 2046 3125 of

126 3143 414 3184 Warkworth.
486 3143 576 3183 The
613 3143 745 3183 rivers
778 3141 943 3194 Coquet
980 3143 1063 3181 and
1100 3141 1187 3181 Aln
1225 3154 1293 3181 are
1332 3141 1424 3181 well
1461 3141 1630 3181 known.
1702 3141 1970 3181 Hafodscelfe
2007 3140 2042 3179 is

128 3198 341 3250 Hauxley,
372 3211 397 3237 a
415 3198 545 3250 rocky
566 3198 771 3238 headland
790 3197 1026 3248 stretching
1052 3197 1235 3236 seaward
1264 3196 1357 3236 SE.
1379 3196 1425 3235 of
1448 3196 1522 3236 the
1543 3195 1718 3247 Coquet.
1778 3195 2041 3245 Brincewell,

129 3253 152 3292 Ι
183 3253 289 3293 have
319 3265 375 3292 no
405 3252 549 3302 doubt,
579 3252 613 3292 is
640 3252 903 3301 Brinkburn,
932 3254 1008 3291 not
1038 3251 1196 3303 merely
1217 3251 1326 3290 from
1355 3250 1578 3302 similarity
1600 3251 1645 3290 of
1670 3263 1807 3300 name,
1835 3251 1914 3290 but
1934 3250 2041 3289 from

126 3307 200 3347 the
219 3307 410 3347 mention
428 3306 474 3346 in
494 3307 744 3347 connection
763 3306 868 3346 with
888 3307 922 3346 it
942 3306 988 3346 of
1012 3306 1085 3346 the
1105 3306 1275 3346 ancient
1295 3307 1320 3324 “
1333 3306 1399 3345 via
1414 3306 1437 3323 '³
1459 3319 1506 3345 or
1526 3307 1551 3324 ‘⁶
1566 3307 1693 3345 street
1706 3306 1731 3323 '³
1758 3306 1947 3345 between
1966 3304 2041 3344 the

128 3361 292 3413 Coquet
310 3361 394 3400 and
412 3360 513 3410 Aln,
533 3361 671 3401 which
690 3373 845 3401 crosses
863 3361 937 3401 the
957 3361 1112 3401 former
1131 3360 1243 3400 river
1262 3372 1363 3400 near
1388 3360 1651 3400 Brinkburn.
1710 3359 1793 3400 We
1813 3359 1920 3399 have
1938 3358 2041 3397 thus

129 3416 203 3456 the
221 3415 386 3455 bounds
406 3415 451 3454 of
476 3415 549 3455 the
579 3416 748 3455 ancient
777 3416 978 3467 territory
997 3416 1043 3455 of
1067 3415 1365 3455 Warkworth:
1397 3428 1451 3454 on
1472 3415 1545 3454 the
1565 3414 1690 3454 south
1711 3414 1785 3453 the
1803 3413 1912 3453 Line
1932 3413 2041 3452 from

129 3470 202 3510 the
236 3482 304 3509 sea
332 3471 376 3509 to
410 3469 464 3509 its
491 3482 648 3519 source,
679 3483 733 3509 on
753 3470 826 3510 the
846 3471 1031 3510 confines
1050 3470 1096 3510 of
1121 3469 1412 3521 Coquet-dale,
1442 3470 1526 3509 and
1552 3472 1660 3509 soto
1680 3468 1955 3508 Brinkburn:
1986 3479 2042 3506 on

128 3524 203 3564 the
234 3524 362 3563 north
393 3535 417 3562 a
449 3523 535 3563 line
566 3524 708 3563 drawn
740 3524 847 3564 from
877 3525 951 3565 the
974 3525 1144 3573 (mouth
1164 3525 1210 3564 of
1235 3524 1329 3573 the)
1358 3523 1446 3563 Aln
1472 3526 1516 3563 to
1542 3524 1615 3563 the
1635 3524 1802 3562 “street
1816 3522 1841 3538 '⁷
1860 3521 2042 3572 midway

127 3579 316 3619 between
336 3577 410 3618 the
430 3576 595 3629 Coquet
614 3578 697 3617 and
716 3577 816 3627 Aln,
846 3580 928 3619 and
949 3592 993 3619 so
1015 3579 1229 3630 following
1248 3579 1321 3619 the
1342 3580 1367 3598 “
1383 3580 1512 3618 street
1525 3578 1549 3595 '³
1570 3580 1615 3617 to
1636 3577 1909 3621 Brinkburn3
1939 3575 2042 3615 thus

129 3632 352 3684 including
371 3632 443 3672 the
463 3631 600 3672 entire
620 3632 756 3684 valley
776 3633 885 3673 from
905 3633 1156 3673 Brinkburn
1185 3646 1240 3673 on
1269 3633 1342 3673 the
1362 3635 1477 3682 west,
1506 3633 1589 3672 and
1609 3635 1653 3671 to
1673 3630 1875 3681 Hauxley
1894 3642 1949 3669 on
1970 3629 2043 3669 the

129 3689 229 3727 east.
