2384 4126
305 364 407 414 122
918 382 1189 416 SYMEONIS
1231 383 1622 417 DUNELMENfflS

410 507 604 559 Nullus
644 509 700 559 in
741 510 1033 576 episcopum
1075 511 1177 561 nisi
1224 512 1471 562 canonice
1516 513 1730 562 electum
1772 518 2051 575 consecret,
2096 513 2236 579 quod

300 580 398 630 etsi
426 587 803 647 praesumptum
822 581 1015 647 fuerit,
1057 589 1108 634 et
1135 589 1468 635 consecratus
1495 589 1544 634 et
1571 590 1905 635 consecrator
1931 585 2122 651 absque
2147 603 2229 636 re-

301 654 656 718 cuperationis
681 672 770 719 spe
798 655 1104 720 deponatur.

406 725 601 777 Nullus
642 727 845 777 omnino
886 728 1292 779 archidiaconus
1331 733 1424 779 aut
1463 729 1903 796 archipresbyter,
1950 729 2058 780 sive
2087 747 2227 795 proe-

287 798 515 862 positus,
558 800 641 849 vel
679 799 924 861 decanus,
971 801 1264 851 animaram
1307 795 1487 851 curam
1531 802 1613 852 vel
1644 803 1957 868 proebendas
2002 802 2230 853 ecclesiae

298 869 410 920 sine
439 870 650 935 judicio
691 873 775 922 vel
813 889 1062 922 consensu
1102 873 1329 938 episcopi
1371 873 1532 923 alicui
1573 874 1788 925 tribuat.
1885 876 2066 937 Imm0,
2095 875 2232 925 sicut

296 942 498 992 sanctis
525 943 807 994 canonibus
835 945 1172 995 constitutum
1199 951 1291 1006 est,
1315 946 1608 996 animarum
1636 964 1764 997 cura
1792 952 1842 998 et
1866 964 2041 998 rerum
2069 948 2228 997 eccle-

255 1052 270 1070 .
297 1014 637 1065 siasticarum
658 1016 977 1081 dispensatio
1004 1017 1059 1066 in
1080 1017 1307 1083 episcopi
1318 1018 1527 1082 judicio
1550 1024 1599 1069 et
1616 1024 1881 1084 potestate
1898 1025 2227 1084 permaneat.

301 1087 361 1137 Si
388 1087 504 1153 quis
529 1103 649 1138 vero
679 1093 862 1139 contra
890 1090 985 1139 hoc
998 1087 1203 1153 facere,
1245 1095 1337 1140 aut
1357 1095 1675 1154 potestatem
1703 1108 1813 1157 quoe
1841 1092 1913 1141 ad
1936 1093 2230 1157 episcopum

285 1160 525 1225 pertinet
549 1160 650 1210 sibi
675 1160 948 1211 vindicare
976 1162 1391 1226 proesumpserit,
1434 1162 1498 1212 ab
1534 1164 1760 1213 ecclesiae
1788 1164 2051 1214 liminibus
2083 1180 2228 1214 arce-

301 1236 441 1282 atur.

412 1303 785 1354 Ordinationes
830 1321 940 1370 quoe
984 1322 1015 1355 a
1056 1305 1297 1356 Burdino
1339 1306 1708 1369 hoeresiarcha,
1741 1312 2026 1374 postquam
2062 1325 2093 1358 a
2124 1309 2229 1358 Ro-

296 1393 453 1426 mana
493 1377 712 1426 ecclesia
748 1382 826 1427 est
862 1377 1156 1439 damnatus,
1202 1395 1410 1444 quoeque
1451 1380 1609 1429 etiam
1641 1396 1671 1428 a
1704 1380 2231 1447 (pjseudo-episcopis

285 1465 389 1514 per
414 1465 526 1498 eum
552 1454 744 1514 postea
780 1450 1043 1500 ordinatis
1068 1449 1236 1515 factae
1269 1456 1407 1512 sunt,
1448 1469 1542 1502 nos
1569 1469 1678 1502 esse
1703 1452 1891 1503 irritas
1903 1453 2228 1518 judicamus.

296 1521 490 1571 Nullus
516 1521 675 1571 etiam
701 1522 757 1571 in
781 1523 1139 1588 proepositum,
1180 1524 1352 1574 nullus
1390 1524 1445 1573 in
1491 1525 2018 1591 archipresbyterum,
2059 1526 2231 1576 nullus

295 1594 352 1643 in
380 1593 629 1644 decanum
658 1594 761 1645 nisi
770 1595 1068 1662 presbyter,
1112 1597 1284 1646 nullus
1310 1596 1366 1646 in
1393 1596 1823 1647 archidiaconum
1849 1598 1952 1648 nisi
1979 1598 2231 1649 diaconus

299 1666 589 1716 ordinetur.

407 1739 759 1805 Presbyteris,
812 1739 1135 1801 diaconibus,
1183 1746 1232 1791 et
1276 1740 1680 1792 subdiaconibus
1727 1743 2129 1793 concubinarum
2180 1749 2230 1794 et

296 1827 518 1861 ua’orum
554 1812 891 1862 contubernia
913 1813 1128 1877 penitus
1168 1813 1549 1875 interdicimus,
1596 1820 1646 1865 et
1687 1815 1914 1865 aliarum
1956 1815 2229 1866 mulierum

297 1883 733 1934 cohabitationem
761 1889 963 1949 praeter
997 1902 1128 1950 quas
1154 1885 1361 1936 Nicena
1387 1886 1617 1952 synodus
1638 1892 1862 1952 propter
1886 1888 2027 1938 solas
2053 1905 2226 1938 neces-

295 1955 553 2006 situdines
591 1957 836 2007 habitare
865 1958 1126 2022 permisit,
1167 1958 1409 2008 videlicet
1446 1964 1682 2021 matrem,
1722 1976 1969 2021 sororem,
2012 1960 2230 2010 amitam

294 2028 378 2079 vel
400 2033 754 2090 materteram,
784 2035 877 2079 aut
904 2029 1040 2080 alias
1066 2031 1379 2096 hujusmodi,
1422 2031 1484 2081 de
1511 2031 1695 2097 quibus
1720 2033 1864 2082 nulla
1878 2033 2027 2098 juste
2052 2034 2228 2083 valeat

296 2100 429 2151 oriri
454 2101 699 2166 suspicio.

406 2174 673 2223 Prceterea
693 2173 859 2238 jua‘ta
887 2174 1174 2224 beatissimi
1202 2175 1364 2240 Papae
1403 2175 1656 2241 Stephani
1689 2177 2010 2227 sanctionem
2036 2178 2225 2228 statui-

295 2263 425 2307 mus,
449 2250 506 2295 ut
529 2246 671 2307 laici,
695 2247 930 2311 quamvis
961 2247 1195 2313 reliyiosi
1215 2248 1339 2309 sint,
1362 2249 1558 2298 nullam
1580 2253 1752 2299 tamen
1774 2249 1836 2299 de
1857 2250 2228 2300 ecclesiasticis

293 2318 447 2368 rebus
507 2318 712 2384 aliquid
769 2319 1076 2384 disponendi
1135 2320 1361 2370 habeant
1407 2318 1763 2384 facultatem;
1810 2322 1905 2372 sed
1945 2323 2225 2372 secundum

291 2391 666 2456 Apostolorum
694 2408 916 2442 canones
943 2392 1168 2442 omnium
1195 2393 1667 2443 ecclesiasticorum
1694 2394 2017 2461 neqotiorum
2045 2412 2225 2445 curam

294 2463 564 2528 episcopus
605 2464 813 2526 habeat,
858 2469 909 2515 et
944 2482 1023 2526 ea,
1059 2465 1197 2516 velut
1224 2466 1335 2516 Deo
1370 2467 1763 2531 contemplante,
1808 2467 2085 2532 dispenset.
2166 2468 2226 2518 Si

294 2536 409 2601 quis
430 2552 552 2602 eryo
568 2536 873 2601 principum
893 2538 975 2587 vel
999 2537 1223 2588 aliorum
1250 2539 1501 2589 laicorum
1530 2539 1919 2604 dispositionem
1945 2557 2034 2589 seu
2062 2540 2223 2590 dona-

295 2608 484 2658 tionem
504 2626 680 2658 rerum
705 2610 812 2659 sive
827 2610 1217 2675 possessionum
1245 2610 1719 2662 ecclesiasticarum
1739 2611 1839 2662 sibi
1859 2612 2223 2675 vindicaverit,

293 2685 351 2730 ut
377 2680 666 2747 sacrileyus
678 2681 970 2747 judicetur.

407 2753 804 2818 Conjunctiones
825 2755 1324 2821 consanyuineorum
1339 2754 1467 2820 fieri
1483 2756 1836 2821 prohibemus,
1866 2757 2110 2822 quoniam
2137 2775 2225 2808 eas

294 2829 345 2875 et
388 2824 592 2875 Divinae
637 2831 687 2876 et
726 2827 903 2876 soeculi
937 2827 1221 2892 prohibent
1266 2829 1415 2893 leyes.
1493 2828 1658 2893 Leqes
1699 2829 1833 2878 enim
1877 2829 2083 2879 Divina>
2127 2831 2224 2880 hoc

295 2901 506 2963 ayentes
532 2902 583 2947 et
609 2914 694 2948 eos
721 2898 810 2963 qui
837 2915 901 2948 ea‘
928 2899 1001 2949 eis
1018 2899 1284 2964 prodeunt
1319 2916 1419 2949 non
1457 2901 1621 2950 solum
1660 2901 1891 2966 ejiciunt,
1932 2901 2027 2950 sed
2064 2901 2223 2951 etiam

292 2969 600 3020 maledictos
627 2971 908 3035 appellant.
987 2971 1151 3037 Leyes
1176 2989 1295 3022 vero
1322 2972 1498 3022 soeculi
1523 2971 1745 3037 infames
1774 2973 1904 3023 tales
1930 2978 2134 3034 vocant,
2173 2979 2223 3024 et

293 3041 357 3091 ab
395 3041 698 3092 hoereditate
732 3043 1004 3107 repellunt.
1083 3043 1197 3093 Nos
1236 3044 1432 3109 itaque,
1463 3049 1653 3109 patres
1694 3049 1900 3094 nostros
1934 3051 2220 3111 sequentes,

291 3112 514 3179 infamia
542 3130 627 3164 eos
652 3119 908 3176 notamus,
937 3120 986 3165 et
1013 3113 1235 3180 infames
1262 3132 1370 3165 esse
1398 3132 1676 3166 censemus.

400 3186 503 3236 Eis
538 3186 627 3251 qui
660 3185 1026 3236 Jerosolimam
1056 3186 1487 3252 proficiscuntur,
1531 3193 1581 3238 et
1616 3189 1687 3238 ad
1717 3188 2073 3239 Christianam
2094 3208 2219 3255 yen-

292 3264 393 3309 tem
415 3256 791 3322 defendendam
812 3264 861 3309 et
889 3259 1222 3324 tyrannidem
1242 3259 1528 3325 infidelium
1550 3260 1918 3311 destruendam
1940 3263 2221 3330 efficaciter

292 3330 549 3381 auxilium
573 3348 723 3381 suum
743 3331 1083 3396 proebuerint,
1122 3349 1334 3382 suorum
1349 3338 1692 3398 peccatorum
1717 3334 2071 3385 remissionem
2100 3353 2218 3386 con-

292 3403 538 3465 cedimus,
582 3408 631 3453 et
672 3403 864 3465 domos,
888 3402 1151 3468 familias,
1189 3410 1344 3470 atque
1386 3405 1558 3455 omnia
1602 3406 1733 3456 bona
1776 3424 1951 3456 eorum
1991 3408 2045 3457 in
2082 3408 2220 3458 beati

290 3476 443 3526 Petri
474 3481 524 3526 et
549 3476 798 3526 Romance
833 3476 1059 3526 ecclesia?
1090 3477 1488 3542 protectionem,
1532 3478 1667 3528 sicut
1712 3496 1743 3528 a
1790 3479 1995 3530 domino
2039 3485 2217 3530 nostro

300 3548 508 3599 Urbano
532 3548 685 3614 Papa
705 3553 961 3599 statutum
975 3547 1107 3613 fuit,
1136 3550 1464 3615 suscipimus.
1549 3550 1848 3617 Quicunque
1875 3569 1995 3618 eryo
2024 3569 2083 3602 ea
2113 3552 2219 3602 dis-

291 3623 501 3671 trahere
520 3621 602 3671 vel
626 3620 850 3686 auferre,
880 3621 1127 3686 quamdiu
1153 3622 1205 3672 in
1228 3623 1314 3672 via
1341 3622 1435 3672 illa
1462 3628 1752 3684 morantur,
1772 3625 2216 3689 prcesumpserint,

291 3693 839 3751 eoecommunicationis
879 3693 1074 3744 ultione
1105 3695 1427 3759 plectantm·.
1521 3695 1631 3746 Eos
1671 3701 1843 3746 autem
1886 3696 1973 3761 qui
2008 3697 2089 3746 vel
2117 3714 2218 3761 pro
