2384 4126
867 390 1122 422 HISTORIA
1163 390 1370 423 REGUM.
2010 378 2072 426 51

277 513 348 563 Et
376 513 519 564 aliud
540 535 549 564 :

682 628 708 646 “
721 626 826 677 Quis
844 626 935 667 illos
954 627 1088 678 igitur
1107 629 1230 678 putet
1248 628 1403 677 beatos,

717 681 833 732 Quos
852 681 995 722 miseri
1013 681 1227 732 tribuunt,
1248 682 1427 722 honores
1443 682 1497 723 ?’'

169 790 412 858 Cumque
438 792 669 858 perversi
692 798 931 858 raptores
956 792 1182 843 viriliter
1207 792 1455 859 operibus
1490 792 1829 854 desudarent,
1870 791 2083 843 advenit

169 863 409 929 protinus
436 863 704 926 Ethelwlf,
733 864 1105 915 Bearrocensis
1129 864 1362 931 regionis
1387 864 1560 915 incliti
1584 864 1778 931 vigoris
1805 864 1928 927 dux,
1962 882 2082 914 cum

170 933 278 984 suis
305 934 606 1001 agminibus
633 935 978 998 centuriatus,
1002 941 1055 986 et
1080 936 1268 986 trilicis
1294 936 1487 987 toracis
1514 935 1887 987 circumdatus.
1955 936 2082 986 Cer-

168 1023 302 1056 nens
335 1012 513 1057 autem
548 1006 950 1058 multitudinem
988 1006 1332 1058 barbarorum
1372 1008 1616 1075 princeps
1654 1007 2082 1058 Christianorum

168 1077 503 1144 populorum,
545 1078 678 1128 dixit
719 1079 842 1141 suis,
882 1079 1147 1129 “Horum
1186 1097 1502 1130 numerosus
1547 1086 1627 1130 est
1669 1079 1948 1141 exercitus,
1990 1078 2084 1130 sed

170 1154 354 1200 tamen
397 1156 476 1200 est
521 1150 863 1216 spernendus.
957 1151 1067 1202 Qui
1117 1150 1161 1201 si
1212 1151 1495 1218 aliquando
1539 1157 1724 1202 contra
1772 1169 1870 1201 nos
1915 1150 2081 1201 aciem

172 1227 383 1271 struens
411 1221 672 1272 valentior
704 1221 1025 1284 incubuerit,
1063 1228 1246 1273 noster
1284 1223 1501 1289 quidam
1541 1223 1663 1285 dux,
1706 1224 1797 1289 qui
1838 1222 2085 1273 Christus

173 1298 270 1354 est,
312 1292 501 1343 fortior
533 1293 640 1343 illis
675 1299 770 1344 est.
848 1293 1082 1344 Obviant
1121 1294 1349 1361 denique
1388 1294 1682 1345 Christiani
1719 1295 1887 1345 Danis
1921 1295 2082 1345 confi-

174 1363 360 1414 dentes
384 1363 442 1414 in
468 1364 696 1415 tuitione
717 1364 918 1415 Christi
936 1365 1226 1427 nominis,”
1283 1366 1407 1416 Dux
1428 1366 1678 1432 praefatus
1698 1383 1820 1416 suos
1839 1366 2086 1416 hortatur

172 1435 433 1502 praecipue
458 1442 518 1486 ut
544 1436 853 1486 resisterent
880 1436 1208 1500 adversariis,
1249 1437 1572 1487 constitutus
1603 1455 1725 1488 cum
1753 1437 1862 1488 suis
1886 1437 2086 1488 inclitis

171 1506 471 1572 legionibus
496 1507 552 1557 in
576 1507 692 1558 1000
719 1507 810 1575 qui
837 1508 1132 1574 appellatur
1156 1508 1458 1575 Englafeld.
1531 1508 1642 1560 Ubi
1668 1509 1980 1560 dimicatum
2007 1514 2087 1559 est

172 1578 300 1628 satis
345 1578 511 1629 atroci
553 1578 711 1640 bello,
757 1596 861 1645 quo
905 1597 968 1629 ex
1012 1586 1238 1646 utraque
1281 1586 1432 1646 parte
1477 1580 1782 1631 ceciderunt
1822 1580 2089 1631 vulnerati

172 1648 329 1699 multi
355 1656 408 1700 et
433 1649 812 1700 occubuerunt.
877 1650 1144 1700 Occubuit
1168 1650 1365 1701 ibidem
1394 1651 1608 1718 quidam
1636 1651 1879 1718 princeps
1904 1652 2086 1702 Dano-

170 1738 291 1769 rum
317 1738 439 1771 cum
466 1738 660 1786 magna
682 1720 1027 1772 multitudine
1054 1721 1136 1771 sui
1163 1722 1455 1784 exercitus3
1495 1723 1699 1774 caeteris
1724 1723 1852 1789 fuga
1878 1723 2085 1789 elapsis,

160 1791 465 1842 *Christiani
483 1791 717 1843 victoriae
743 1792 973 1859 palmam
1003 1792 1182 1859 adepti
1209 1799 1352 1856 sunt,
1381 1800 1434 1844 et
1459 1793 1575 1845 loco
1601 1794 1802 1845 funeris
1829 1794 2089 1845 dominati

169 1870 310 1914 sunt.

280 1934 382 1985 His
419 1934 496 1985 ita
532 1935 777 2002 peractis,
816 1941 951 2002 post,
987 1935 1069 1986 bis
1109 1935 1251 1986 binis
1292 1935 1501 1987 dierum
1543 1937 1820 1988 curriculis
1847 1937 2087 2004 expletis,

168 2025 260 2057 rex
293 2012 592 2074 praepotens
618 2007 920 2058 Etheredus
948 2025 1008 2058 ac
1042 2007 1207 2059 frater
1241 2008 1355 2076 ejus
1381 2009 1585 2071 Elfred,
1615 2009 1860 2060 adunatis
1888 2009 2086 2060 exerci-

169 2078 313 2129 tibus
352 2078 592 2145 copiosiS,
633 2085 692 2128 ut
731 2096 920 2145 regum
957 2085 1037 2130 est
1071 2085 1308 2146 potestas
1336 2087 1389 2131 et
1414 2080 1602 2143 virtus,
1644 2081 1710 2132 ad
1748 2081 2086 2147 Readingum

168 2157 446 2212 venerunt,
487 2150 849 2201 desiderantes
877 2156 968 2201 aut
995 2151 1223 2217 gloriose
1249 2151 1423 2203 vivere
1449 2152 1507 2201 in
1533 2170 1717 2219 regno,
1746 2158 1837 2202 aut
1863 2152 1919 2202 in
1945 2152 2087 2203 bello

168 2222 482 2273 occumbere
509 2240 603 2288 pro
632 2222 863 2273 Christo.
944 2222 1188 2290 Cumque
1215 2223 1538 2290 armipotens
1563 2242 1655 2274 rex
1680 2223 1937 2275 Ethelred
1966 2241 2086 2274 cum

167 2294 332 2344 fratre
378 2293 722 2359 dilectissimo
767 2293 832 2344 ad
875 2300 1083 2360 portam
1130 2294 1264 2344 arcis
1307 2295 1686 2361 pervenissent,
1740 2295 1989 2346 caedendo
2034 2302 2088 2346 et

170 2365 552 2431 prosternendo
594 2365 774 2415 hostes
819 2371 942 2416 ante
987 2371 1040 2416 et
1077 2371 1236 2428 retro,
1278 2366 1483 2432 Pagani
1522 2384 1550 2418 0
1589 2372 1775 2417 contra
1813 2367 2088 2418 caedebant

168 2437 377 2488 hostica
401 2436 547 2487 rabie
574 2436 897 2487 resistentes.
976 2437 1083 2487 Sed
1108 2437 1231 2499 heu,
1268 2455 1362 2504 pro
1389 2437 1568 2488 dolor!
1609 2438 1885 2489 victoriam
1914 2456 1975 2489 eo
2002 2438 2087 2489 die

167 2508 374 2559 inimici
413 2508 712 2575 Anglorum
758 2507 1114 2559 assumebant.
1202 2509 1561 2573 AEthelwlfus,
1599 2528 1825 2577 quoque,
1858 2511 2084 2561 Bearro-

170 2580 357 2643 censis,
399 2580 489 2647 qui
524 2579 667 2645 prius
692 2585 754 2629 ut
778 2579 861 2630 leo
887 2579 1105 2630 fremuit
1130 2579 1186 2630 in
1212 2580 1371 2644 bello,
1409 2587 1540 2632 tunc
1575 2599 1695 2632 cum
1729 2581 1932 2633 caeteris
1958 2582 2086 2632 fide-

167 2653 310 2703 libus
335 2651 583 2702 occubuit
609 2651 666 2701 in
693 2651 923 2702 Christo.
1002 2651 1124 2703 Quo
1152 2651 1330 2703 dolore
1363 2660 1416 2704 et
1444 2653 1760 2705 verecundia
1784 2653 2084 2720 Anglorum

170 2724 394 2792 populus
439 2728 753 2785 commotus,
806 2723 1061 2774 auxilium
1111 2723 1471 2791 implorabant
1522 2725 1851 2792 angelorum,
1897 2732 1957 2775 ut
2009 2725 2084 2776 eis

171 2796 520 2862 dignarentur
555 2794 862 2861 impendere
898 2795 1280 2846 adminiculum
1312 2796 1496 2847 Divini
1531 2797 1799 2864 adjutorii.
1875 2797 2081 2847 Iterum

170 2868 441 2919 enimvero
474 2872 593 2934 post
631 2872 858 2933 quatuor
893 2866 1005 2918 dies
1039 2873 1224 2918 contra
1247 2868 1495 2934 praefatos
1520 2868 1766 2919 inimicos
1793 2868 2082 2920 exercitum

170 2945 521 3001 commovent,
544 2956 690 2989 arma
717 2938 993 3005 arripiunt,
1016 2944 1260 2989 statuunt
1286 2940 1523 3006 legiones
1548 2940 1605 2990 in
1631 2940 1747 2991 1000
1773 2940 1862 3007 qui
1889 2940 2085 2991 dicitur

169 3010 491 3072 Ecscesdun,
531 3009 673 3077 quod
699 3010 891 3061 Latine
916 3011 1080 3061 Mons
1112 3011 1328 3061 Fraxini
1364 3019 1540 3078 potest
1576 3018 1879 3063 reverenter
1916 3012 2082 3062 inter-

169 3082 381 3150 pretari.
459 3081 547 3133 Ibi
581 3087 758 3132 autem
794 3081 923 3132 totis
949 3082 1149 3133 viribus
1183 3088 1236 3133 et
1261 3083 1419 3150 plena
1444 3084 1719 3135 voluntate
1746 3084 1812 3135 ad
1837 3084 2081 3151 praelium

169 3154 430 3222 prodeunt
456 3153 556 3204 viri
580 3153 770 3203 famosi
796 3153 862 3204 ad
886 3153 1028 3204 bella
1051 3154 1344 3205 fortissimi.

277 3225 421 3276 Dani
446 3242 671 3292 quoque,
699 3231 759 3275 ut
790 3231 915 3275 sunt
956 3226 1136 3287 astuti,
1168 3226 1224 3275 in
1266 3226 1398 3277 duas
1439 3245 1493 3278 se
1527 3233 1731 3278 turmas
1766 3226 2080 3288 dividentes,

169 3296 391 3348 viriliter
427 3314 663 3363 pugnare
702 3314 823 3347 cum
863 3296 986 3347 suis.
1066 3297 1357 3349 Habebant
1392 3304 1445 3349 et
1479 3299 1581 3366 ipsi
1607 3299 1738 3350 duos
1763 3317 1916 3365 reges
1944 3299 2078 3348 mul-

170 3373 356 3434 tosque
377 3368 553 3429 duces,
576 3367 684 3434 qui,
703 3374 859 3418 cauta
873 3368 1078 3419 ratione
1099 3375 1329 3432 utentes,
1348 3370 1577 3420 mediam
1594 3377 1799 3438 partem
1820 3370 2082 3421 exercitus

171 3437 376 3489 duobus
412 3439 626 3504 regibus
664 3439 1043 3502 concedebant,
1083 3440 1356 3491 dimidiam
1394 3460 1516 3493 vero
1553 3441 1800 3493 omnibus
1838 3440 2078 3491 ducibus.

174 3508 333 3559 Quod
357 3510 522 3575 Angli
552 3516 829 3561 cernentes
859 3511 1193 3562 constituunt
1220 3519 1272 3563 et
1306 3513 1408 3579 ipsi
1442 3513 1573 3564 duas
1611 3519 1832 3574 turmaS,
1873 3518 1926 3562 et
1965 3530 2076 3561 nia-

175 3579 374 3641 chinas,
426 3586 479 3630 et
523 3581 946 3632 machinatorum
998 3585 1406 3650 propugnacula.
1502 3584 1710 3634 AElfred
1760 3589 1938 3633 autem
1988 3600 2082 3632 rex

174 3650 563 3716 promptissime
604 3669 723 3702 cum
765 3653 874 3703 suis
912 3654 1213 3720 legionibus
1257 3655 1493 3721 procedit
1535 3655 1601 3705 ad
1644 3654 1862 3717 bellum,
1909 3653 2079 3704 sciens

1699 3728 1788 3776 132
