2384 4126
347 383 451 432 160
915 398 1174 432 HISTORIA
1213 398 1675 432 TRANSLATIONUM

343 524 550 576 minore
586 524 783 576 mentis
813 525 1178 593 percelluntur
1211 531 1442 593 stupore.
1520 526 1591 575 Et
1632 523 1873 592 quamvis
1912 523 2118 575 curiose
2156 540 2274 590 per-

344 597 636 663 quirentes,
672 597 833 660 viam,
877 615 982 678 qua
1021 597 1114 649 ille
1145 598 1376 649 venisset
1410 598 1494 648 vel
1534 597 1658 648 inde
1693 596 2014 659 recessisset,
2057 595 2278 646 omnino

344 686 455 719 non
484 675 735 737 poterant
769 670 1109 736 investigare,
1142 670 1436 737 praesertim
1464 670 1606 737 quod
1629 669 1779 720 locus
1804 669 1896 719 ille
1925 667 2073 735 aquis
2100 667 2277 735 palus-

342 741 517 792 tribus
533 741 772 808 undique
789 741 1047 805 inclusus,
1065 760 1176 793 non
1196 742 1301 792 nisi
1322 760 1444 793 cum
1461 741 1584 792 navi
1601 740 1812 792 valebat
1830 740 1980 791 adiri.
2041 740 2276 801 Interea,

342 812 438 863 ubi
464 831 607 864 nona
633 813 740 864 diei
764 813 897 864 hora
921 819 1157 877 venerat,
1186 814 1261 877 111,
1291 814 1382 881 (1111
1408 814 1673 881 piscatum
1701 813 1957 876 exierant,
1979 818 2089 863 tres
2115 829 2277 861 naves

342 884 577 951 piscibus
633 891 855 936 onustas
906 885 1127 936 domum
1186 885 1531 948 reduxerunt,
1580 891 1875 936 asserentes
1920 890 2130 934 tantam
2176 883 2277 933 sibi

345 956 552 1023 copiam
581 957 820 1024 piscandi
845 974 956 1007 non
982 957 1287 1024 provenisse
1313 957 1370 1008 in
1397 957 1526 1008 totis
1553 957 1726 1007 tribus
1754 956 1927 1018 annis,
1950 955 2144 1023 quibus
2168 955 2278 1005 illis

342 1028 641 1095 deguerant
667 1029 726 1078 in
752 1028 1053 1095 paludibus.
1132 1029 1320 1080 Tantis
1345 1029 1528 1097 itaque
1555 1028 1660 1079 Dei
1681 1028 1953 1079 beneficiis
1975 1027 2276 1095 jocundati,

343 1100 486 1151 diem
511 1101 665 1151 illum
694 1100 851 1150 solito
876 1100 1137 1151 laetiorem
1163 1101 1453 1151 deducunt.
1531 1100 1700 1151 Venit
1726 1117 1861 1162 nox3
1893 1100 2134 1166 quisque,
2156 1105 2276 1166 post

341 1172 561 1223 diurnos
587 1172 797 1223 labores
824 1172 1121 1239 quieturus,
1150 1190 1245 1223 suo
1273 1191 1329 1224 se
1354 1172 1566 1240 reponit
1591 1172 1649 1221 in
1674 1172 1808 1222 1000.
1893 1172 2139 1238 Cumque
2167 1171 2276 1221 alto

343 1262 529 1311 sopore
572 1261 758 1295 omnes
803 1244 1250 1311 opprimerentur,
1297 1244 1549 1296 Elfredus
1592 1244 1650 1293 in
1692 1243 1832 1294 lecto
1873 1243 2094 1294 recubat
2135 1243 2280 1293 solus

344 1315 588 1383 pervigil,
628 1315 837 1367 labores
866 1334 990 1366 suos
1017 1334 1149 1383 quos
1184 1316 1477 1368 barbaricae
1511 1315 1899 1383 persecutionis
1924 1315 2118 1365 timore
2158 1332 2278 1382 pro-

342 1387 503 1455 fugus
555 1387 810 1438 sustinuit
860 1394 1049 1439 maesto
1102 1406 1284 1440 secum
1326 1388 1484 1440 corde
1528 1393 1844 1451 retractans,
1898 1387 2164 1453 simulque
2214 1386 2280 1437 de

342 1460 642 1527 peregrino,
683 1478 744 1511 ac
781 1460 1061 1528 inopinata
1100 1461 1330 1528 piscium
1370 1460 1721 1512 multitudine
1757 1459 1900 1527 quod
1932 1458 2035 1510 hac
2065 1459 2150 1509 die
2178 1458 2280 1509 sibi

343 1538 592 1583 evenerat
653 1532 939 1583 admirans.
1036 1534 1127 1595 Et,
1181 1533 1336 1585 ecce!
1403 1534 1604 1596 lumen,
1661 1550 1819 1600 super
1879 1549 2091 1582 0111110111
2153 1530 2280 1581 80118

343 1603 579 1655 radiumd
613 1604 944 1672 splendidius
983 1605 1163 1656 subito
1201 1606 1473 1673 refulgens
1510 1611 1688 1656 totum
1714 1604 1770 1654 in
1798 1621 1903 1672 quo
1932 1603 2106 1671 jacuit
2132 1602 2279 1653 cubi-

347 1677 530 1727 culum
573 1676 779 1727 caelitus
823 1677 1077 1728 illustrat.
1176 1678 1297 1728 Hac
1341 1677 1544 1728 visione
1582 1682 1770 1744 utpote
1815 1676 2034 1727 insolita
2075 1681 2129 1726 et
2166 1681 2278 1725 tam

346 1749 525 1799 subita
549 1748 662 1815 ipse
687 1749 1021 1816 perterritus,
1064 1749 1263 1816 priores
1290 1767 1414 1800 mox
1440 1767 1626 1800 omnes
1657 1748 1988 1799 obliviscitur
2014 1765 2186 1810 curas,
2227 1752 2281 1797 et

346 1821 523 1871 solum
548 1820 768 1871 luminis
786 1820 933 1871 illius
954 1821 1220 1888 fulgorem
1247 1821 1492 1888 stupidus
1510 1826 1811 1872 contuetur.
1890 1821 2040 1870 Tunc
2062 1819 2279 1887 quidam

345 1893 404 1943 in
448 1893 562 1960 ipso
602 1892 825 1955 lumine,
877 1893 1258 1960 pontificaliter
1301 1893 1579 1956 infulatus,
1628 1892 1822 1955 senior,
1861 1893 2019 1959 nigro
2065 1891 2279 1958 quidem

348 1965 558 2032 capillo,
623 1965 715 2015 sed
765 1964 919 2016 vultu
978 1965 1265 2016 admodum
1316 1971 1559 2028 venusto,
1623 1964 1900 2032 processit,
1964 1968 2279 2029 textumque

348 2036 765 2103 Evangeliorum
817 2054 946 2087 auro
1006 2037 1337 2104 gemmisque
1388 2037 1609 2088 mirifice
1665 2042 2009 2104 perornatum
2062 2035 2280 2086 dextera

348 2109 705 2177 praetendens,
752 2114 1060 2176 stupentem
1103 2109 1259 2160 illum
1304 2116 1464 2177 atque
1513 2115 1793 2176 paventem
1838 2108 1912 2158 sic
1957 2107 2114 2157 dictis
2159 2125 2280 2174 pro-

349 2181 552 2232 mulcet
594 2180 795 2242 amicis,
838 2181 1022 2232 “Non
1060 2186 1133 2244 te,
1174 2181 1368 2233 dilecte
1402 2181 1478 2232 mi
1518 2181 1754 2243 Elfrede,
1796 2180 2006 2231 subitus
2045 2179 2133 2230 hic
2175 2179 2281 2229 mei

351 2258 386 2282 “
409 2253 668 2304 adventus
710 2253 962 2320 splendor
996 2253 1307 2320 perturbet,
1347 2271 1458 2304 non
1495 2259 1550 2304 te
1588 2252 1854 2304 barbarici
1886 2251 2081 2302 furoris
2122 2251 2282 2301 timor

351 2330 386 2354 “
410 2325 612 2376 diutius
639 2325 892 2376 sollicitet
908 2347 922 2389 3
966 2326 1113 2377 Deus
1141 2326 1303 2389 enim,
1346 2326 1456 2378 Qui
1481 2343 1775 2392 pauperum
1803 2341 2023 2375 suorum
2050 2323 2282 2389 gemitus

352 2402 519 2448 “non
560 2397 780 2465 spernit,
821 2397 1047 2465 jamjam
1085 2398 1195 2448 tuis
1236 2399 1399 2449 finem
1439 2404 1602 2465 ponet
1638 2396 1929 2448 laboribus.
2022 2397 2140 2463 Ego
2184 2395 2284 2446 tibi

352 2469 657 2537 “deinceps
698 2487 909 2537 quoque
949 2470 1161 2538 adjutor
1194 2488 1284 2521 ero
1324 2469 1814 2538 promptissimus.”
1893 2467 1998 2519 His
2038 2467 2283 2535 protinus

350 2541 441 2593 ille
469 2542 801 2593 confortatus
823 2542 1092 2605 affatibus,
1122 2542 1240 2610 quis
1261 2548 1417 2605 esset,
1441 2542 1569 2610 quid
1596 2541 1970 2609 appellaretur,
2001 2546 2094 2590 aut
2121 2557 2283 2607 quare

351 2614 583 2665 venisset
629 2614 731 2665 sibi
776 2620 835 2665 ut
885 2614 1145 2681 panderet
1194 2621 1350 2682 rogat
1400 2614 1664 2666 obnixius.
1742 2614 1894 2664 Tunc
1939 2612 2115 2664 senior
2159 2611 2282 2662 sub-

349 2686 547 2749 ridens,
589 2691 623 2713 “
647 2686 808 2749 Ille,''
847 2686 1043 2753 inquit,
1084 2691 1119 2714 “
1141 2705 1240 2753 ego
1276 2705 1414 2749 sum,
1455 2687 1542 2738 0111
1571 2691 1739 2737 tantae
1773 2684 2127 2735 humanitatis
2155 2702 2279 2735 con-

352 2762 385 2785 “
407 2758 665 2809 descensu
692 2758 873 2809 cibum
900 2758 1057 2809 hodie
1085 2758 1200 2809 dari
1220 2759 1456 2826 jusseras
1472 2780 1487 2821 ,-
1530 2758 1624 2809 sed
1650 2776 1757 2808 non
1783 2763 1996 2808 tantum
2023 2774 2117 2824 pro
2143 2774 2281 2823 pane

353 2834 387 2857 “
409 2835 462 2880 01
496 2829 638 2892 vino,
668 2847 785 2896 quae
824 2830 956 2880 mihi
991 2830 1118 2881 dato
1153 2830 1474 2893 delectabar,
1507 2832 1628 2893 (sic)
1660 2835 1922 2897 quantum
1948 2846 2043 2896 pro
2069 2829 2284 2879 interna

353 2905 388 2928 “
409 2901 607 2952 mentis
625 2907 733 2951 tuae
753 2901 1034 2953 devotione
1051 2903 1479 2969 congratulabar.
1524 2903 1685 2954 Quod
1702 2908 1882 2952 autem
1901 2901 2029 2967 quid
2046 2900 2282 2966 appella1

352 2977 386 3000 “
407 2973 724 3039 interrogas,
765 2991 977 3024 servum
1018 2974 1124 3025 Dei
1162 2974 1525 3025 Cuthbertum
1570 2992 1655 3024 me
1692 2991 1789 3040 1110
1830 2978 1975 3023 00110
2017 2971 2282 3022 nominaii

353 3050 388 3073 “
411 3045 563 3107 scias,
602 3045 828 3112 ideoque
854 3045 959 3095 11110
987 3045 1145 3097 1110ᾶο
1172 3045 1293 3096 veni
1327 3053 1388 3095 ut
1425 3064 1520 3113 per
1546 3063 1631 3096 me
1658 3044 1973 3095 familiarius
1998 3043 2280 3093 instruaris

352 3121 388 3145 “
409 3116 640 3183 qualiter
691 3135 722 3167 a
771 3117 1234 3183 persecutionibus
1293 3117 1387 3167 diu
1441 3124 1496 3168 te
1557 3115 1917 3183 affligentibus
1969 3115 2279 3182 expediaris.

353 3189 554 3255 “Ergo
603 3187 1023 3239 misericordiam
1082 3195 1136 3239 et
1185 3189 1457 3256 justitiam
1513 3189 1778 3256 praecipue
1830 3187 2020 3254 diligas
2071 3204 2281 3250 moneo,

353 3261 701 3327 “eademque
746 3260 884 3310 filios
928 3265 1051 3311 tuos
1096 3278 1303 3311 servare
1354 3279 1462 3328 prae
1506 3260 1756 3311 omnibus
1803 3277 2010 3327 semper
2061 3259 2281 3321 docet03

352 3338 386 3360 “
410 3332 680 3413 quoniam,
726 3350 812 3383 me
857 3331 1181 3399 impetrante
1221 3332 1443 3400 Deoque
1482 3333 1733 3395 donante,
1780 3332 1948 3383 totius
1988 3331 2283 3381 Britanniae

352 3404 690 3471 “imperium
741 3403 889 3454 vobis
943 3404 1266 3455 concedetur
1315 3404 1724 3472 disponendum.
1823 3404 1881 3455 Si
1933 3409 2114 3454 autem
2164 3403 2281 3453 Deo

352 3481 383 3504 “
406 3476 664 3557 mihique
671 3475 856 3527 fideles
883 3476 1213 3537 exstiteritis,
1256 3494 1341 3528 me
1368 3477 1588 3544 posthac
1616 3477 1682 3528 ad
1709 3476 2093 3527 conterendum
2120 3474 2283 3525 robu1

352 3553 386 3576 “
407 3566 566 3600 omne
591 3548 932 3599 inimicorum
958 3548 1373 3615 inexpugnabile
1406 3549 1732 3600 defensionis
1758 3555 1970 3599 scutum
1996 3546 2278 3598 habebitis.

1125 3704 1143 3727 ‘¹
1171 3703 1276 3750 Acts
1296 3703 1408 3745 xxvi.
1432 3707 1496 3745 13.
