2384 4126
332 392 402 441 50
949 410 1222 444 sYMEoN1s
1263 409 1655 444 DUNELMENSIS

330 541 462 586 tunc
496 535 706 587 refulsit
740 542 953 604 tempus
988 555 1092 604 quo
1118 536 1304 588 Elfred
1334 554 1426 588 rex
1453 535 1767 587 vicesimum
1802 532 2035 603 primum
2070 534 2261 586 habuit

333 626 550 659 annum.
628 609 908 659 Danorum
948 626 1074 660 vero
1120 608 1353 660 enormis
1394 607 1703 670 multitudO,
1744 613 1815 670 et,
1851 613 1913 657 ut
1952 607 2030 657 ita
2069 607 2258 670 dicam,

331 679 608 746 legionum
629 686 852 732 catervae
873 687 1210 747 congregatae
1231 686 1373 744 sunt,
1395 680 1472 731 ita
1490 686 1553 730 ut
1572 679 1746 730 multa
1763 679 2073 730 viderentur
2094 679 2263 729 millia

334 751 515 815 affore,
553 758 607 803 et
634 752 773 804 sicut
809 753 874 803 de
906 753 1054 804 mille
1079 753 1137 803 in
1163 752 1357 820 viginti
1383 752 1650 821 myriadas
1687 751 2056 803 excrevissent.
2134 752 2261 801 Per-

330 823 479 875 venit
500 824 694 875 dehinc
713 842 807 891 per
825 825 1091 875 Merciam
1110 825 1168 874 in
1189 825 1493 876 Orientales
1509 824 1734 891 Anglos,
1758 829 1810 874 et
1830 823 1886 873 111
1909 823 2124 873 civitate
2145 840 2263 890 quae

335 895 533 946 dicitur
558 896 825 947 Theoford
862 896 1162 963 intrepidus
1196 896 1487 965 hyemavit.
1560 896 1675 947 Rex
1703 901 1882 947 autem
1910 895 2264 945 Eadmundus

332 967 463 1034 ipsis
482 968 813 1035 temporibus
833 968 1077 1035 regnavit
1098 986 1255 1036 super
1275 968 1456 1019 omnia
1475 986 1642 1035 regna
1667 967 2028 1019 Orientalium
2055 967 2260 1034 Anglo-

333 1056 472 1102 rum,
500 1040 582 1090 vir
608 1046 823 1091 sanctus
850 1046 904 1090 et
924 1041 1123 1107 justus,
1164 1040 1302 1091 sicut
1328 1040 1449 1090 finis
1477 1040 1591 1108 ejus
1618 1040 1966 1090 sanctissimae
1991 1040 2113 1091 vitae
2140 1056 2260 1106 pro-

334 1111 481 1162 bavit
519 1117 757 1163 eventus
835 1112 1042 1163 Eodem
1075 1129 1200 1162 vero
1240 1128 1381 1162 anno
1419 1130 1510 1162 rex
1544 1111 1830 1179 praedictus
1866 1117 2050 1162 contra
2084 1111 2263 1178 ipsum

336 1183 630 1234 exercitum
667 1183 919 1234 atrociter
950 1189 1003 1234 et
1044 1183 1270 1234 viriliter
1314 1200 1437 1234 011111
1482 1183 1592 1233 suis
1635 1183 1910 1250 pugnavit.
1991 1183 2097 1234 Sed
2142 1183 2267 1250 quia

336 1254 637 1306 misericors
663 1256 813 1306 Deus
840 1273 961 1306 eum
989 1254 1252 1322 praescivit
1277 1273 1372 1322 per
1396 1254 1642 1322 martyrii
1668 1272 1919 1305 coronam
1947 1254 2013 1305 ad
2040 1255 2267 1306 caelestis

337 1326 519 1393 gloriae
546 1344 797 1378 coronam
823 1327 1119 1394 pervenire,
1154 1326 1357 1378 ibidem
1385 1326 1613 1392 gloriose
1644 1326 1912 1378 occubuit.
1988 1327 2072 1377 De
2113 1328 2265 1395 cujus

334 1398 596 1465 passionis
623 1399 825 1450 honore
851 1399 985 1450 libet
1020 1398 1196 1466 aliqua
1220 1398 1459 1449 historiae
1483 1405 1681 1449 nostrae
1706 1398 1959 1461 inserere,
1998 1404 2059 1449 ut
2094 1399 2266 1449 sciant

338 1476 392 1521 et
429 1477 722 1537 agnoscant
766 1471 863 1521 filii
902 1471 1184 1522 hominum
1225 1489 1386 1538 quam
1425 1470 1680 1522 terribilis
1716 1476 1795 1522 est
1838 1470 2086 1521 Christus
2124 1471 2266 1521 filius

338 1542 443 1594 Dei
468 1543 526 1593 in
562 1543 797 1595 consiliis
830 1543 1129 1606 hominum,
1171 1549 1224 1594 et
1263 1561 1423 1610 quam
1463 1542 1694 1610 glorioso
1732 1542 2007 1610 triumpho
2047 1549 2268 1594 exornat

336 1632 468 1682 quos
494 1615 582 1666 hic
609 1615 869 1683 passionis
894 1616 1055 1666 titulo
1083 1615 1458 1678 excruciat,‘ut
1483 1615 1619 1665 illud
1638 1615 1944 1682 impleatur,
1971 1616 2095 1666 Non
2121 1633 2266 1666 coro-

335 1693 496 1739 natur
541 1689 656 1754 quis
700 1688 804 1738 nisi
849 1689 1075 1755 Zeyitz‘me
1121 1689 1439 1739 certaverit.²⁷
1529 1688 1646 1738 Rex
1688 1694 1868 1738 autem
1912 1687 2266 1738 Eadmundus

335 1758 621 1826 imperium
672 1760 1034 1811 Orientalium
1083 1760 1387 1827 Anglorum
1438 1759 1672 1826 suscepit
1724 1758 1961 1822 devotUS,
2019 1759 2161 1827 quod
2213 1765 2267 1810 et

333 1831 512 1882 tenuit
540 1831 726 1882 dextra
750 1831 878 1882 forti
902 1831 1175 1899 potentiae,
1211 1832 1390 1882 Deum
1429 1831 1874 1898 Omnipotentem
1905 1849 2113 1899 semper
2140 1831 2265 1882 ado-

333 1920 459 1953 rans
495 1921 555 1954 ac
586 1904 888 1970 glorificans
921 1922 1017 1971 pro
1055 1903 1304 1955 omnibus
1340 1903 1496 1954 bonis
1531 1904 1641 1954 suis
1676 1903 1868 1970 quibus
1901 1921 2031 1954 usus
2069 1903 2261 1955 fuerat.

332 1975 540 2027 Eodem
575 1994 714 2027 anno
751 1993 856 2043 quo
892 1994 985 2027 rex
1024 1981 1078 2027 et
1116 1982 1321 2043 martyr
1357 1974 1586 2042 insignis
1620 1993 1714 2042 per
1741 1993 1992 2026 coronam
2019 1976 2263 2044 martyrii

335 2065 579 2115 supernae
604 2047 877 2099 felicitatis
905 2048 1101 2115 gaudia
1126 2047 1310 2110 subiit,
1333 2047 1617 2110 Ceolnoth,
1641 2047 2066 2114 archiepiscopus
2092 2048 2264 2099 Doro-

333 2118 533 2171 berniae
561 2120 808 2183 civitatiS,
840 2120 983 2171 viam
1008 2120 1250 2172 veritatis
1286 2119 1448 2170 adiit:
1491 2119 1583 2187 qui
1617 2120 1673 2170 in
1706 2119 1893 2170 eadem
1930 2120 2145 2171 civitate
2184 2126 2265 2171 est

334 2192 575 2259 sepultus
602 2210 633 2243 a
658 2192 913 2243 clericis.¹0

1159 2357 1441 2391 DCCCLXXI.
1705 2370 1734 2397 q.

440 2448 603 2499 Anno
643 2447 941 2499 Dominicae
979 2446 1365 2498 incarnationis
1403 2445 1688 2514 nocolxxj,
1724 2445 2023 2497 nativitatis
2061 2446 2268 2497 Elfredi

333 2520 552 2587 gloriosi
585 2520 728 2587 regis
766 2521 1040 2570 Saxonum
1073 2519 1202 2586 xxij,
1236 2536 1407 2570 exosae
1439 2519 1711 2570 memoriae
1742 2519 2082 2585 Paganorum
2118 2536 2266 2569 exer-

333 2593 472 2643 citus
517 2592 822 2643 Orientales
861 2591 1068 2672 Anglos
1107 2591 1374 2642 deseruit:
1423 2591 1516 2658 qui
1556 2609 1785 2658 regnum
1829 2590 2264 2642 Occidentalium

336 2665 611 2715 Saxonum
651 2663 802 2726 adiit,
843 2664 1062 2714 veniens
1102 2663 1169 2714 ad
1199 2663 1382 2714 villam
1416 2662 1621 2730 regiam
1663 2681 1780 2731 quae
1812 2662 2010 2713 dicitur
2049 2663 2123 2713 Et
2158 2663 2265 2714 Re-

334 2736 577 2803 dingum,
616 2735 674 2785 in
712 2735 1065 2786 meridianam
1103 2735 1381 2786 Tamensis
1406 2734 1643 2785 fluminis
1668 2735 1859 2802 ripam,
1897 2735 1955 2784 in
1989 2734 2084 2785 illa
2109 2734 2267 2801 plaga

336 2825 455 2875 quae
479 2813 823 2875 nuncupatur
850 2807 915 2857 ab
947 2806 1180 2858 incolis
1166 2806 1333 2873 ipsius
1368 2806 1555 2886 patriae
1590 2806 2001 2857 Bearroc-scire.
2085 2807 2265 2857 Tertio

334 2897 460 2931 vero
499 2879 584 2930 die
624 2896 729 2946 quo
766 2878 844 2929 ibi
875 2879 1207 2930 advenerunt
1239 2877 1445 2928 inimici
1476 2878 1798 2944 Anglorum,
1821 2878 2043 2929 comites
2079 2895 2265 2929 eorum

336 2969 459 3003 cum
499 2969 698 3018 magna
736 2950 1085 3001 multitudine
1124 2950 1184 3000 in
1220 2955 1372 3017 parte
1411 2949 1557 3000 illius
1595 2949 1830 3000 fluminis
1872 2949 2263 3017 equitaverunt,

335 3023 675 3091 praedamque
700 3022 977 3074 immensae
1004 3021 1369 3072 multitudinis
1398 3027 1732 3088 acceperunt.
1810 3021 2046 3073 Quidam
2084 3028 2264 3073 autem

338 3114 400 3147 ex
425 3095 552 3163 ipsis
577 3095 777 3145 vallum
802 3094 945 3145 inter
969 3095 1311 3155 Tamenseet
1339 3094 1592 3144 Kenetan
1627 3093 1850 3144 flumina
1874 3094 2049 3145 facere
2076 3094 2261 3144 studu-

337 3173 525 3230 erunt,
568 3166 661 3217 sed
699 3166 980 3217 consilium
1020 3183 1205 3217 eorum
1244 3171 1298 3216 et
1338 3183 1471 3232 opus
1511 3166 1790 3217 Danorum
1833 3166 2148 3233 dissipatum
2185 3172 2264 3217 est

339 3258 430 3308 per
457 3238 715 3290 auxilium
743 3238 1074 3305 angelorum,
1101 3243 1164 3288 ut
1189 3237 1502 3305 impleretur
1526 3237 1586 3288 in
1612 3238 1689 3289 eis
1713 3238 1849 3289 illud
1875 3238 2140 3290 scolastici
2155 3260 2169 3301 3

852 3344 878 3363 <c
891 3343 1103 3438 guambvisb
1115 3342 1306 3449 seoffyri?
1326 3331 1517 3438 supssrblit
1536 3345 1663 3437 olsltro,

891 3398 1449 3494 Ipffipusetaffiegizggstffig
1460 3411 1651 3505 1111111111Ξέ

416 3615 438 3630 ¹0
466 3550 786 3646 'ZPlriilsmaddofint
811 3602 848 3644 is
877 3602 1116 3655 altogether
1141 3602 1249 3643 from
1279 3601 1421 3652 Asser,
1450 3602 1530 3642 but
1555 3601 1591 3641 is
1622 3601 1721 3642 here
1747 3600 1959 3653 amplified
1987 3603 2032 3642 to
2051 3601 2188 3643 thrice
2207 3601 2263 3642 its

334 3662 515 3715 original
534 3660 651 3702 bulk.

414 3725 435 3742 ’
462 3717 591 3757 From
615 3713 817 3755 Boethius
837 3714 888 3755 de
908 3712 1090 3763 Consol„
1111 3712 1186 3762 iii,
1207 3715 1296 3763 1-3,
1316 3711 1404 3763 7-8,
1425 3711 1529 3751 with
1552 3724 1665 3752 some
1686 3710 1931 3752 xariations.
