2384 4126
882 391 1227 425 GENEALOGIA
1267 390 1477 425 REGUM.
2037 375 2143 425 219

328 519 458 569 Post
485 517 731 569 Ceolfum
757 517 1010 580 Eadbert,
1051 517 1191 567 filius
1222 516 1402 584 patrui
1433 516 1687 579 Ceolwlfi,
1714 516 1889 567 tenuit
1914 534 2140 585 regnum

218 607 287 640 ΧΧ
315 608 499 641 00003.
579 589 754 641 Oswlf
784 589 926 640 filius
952 589 1211 640 Eadberti
1230 589 1250 656 j
1283 606 1501 639 annum.

324 662 627 713 Ethelwold
653 662 794 712 Moll
818 662 866 729 vj
898 679 1081 712 annos.

323 733 520 785 Alered
548 734 611 785 de
636 734 881 801 prosapia
908 733 1058 784 Idae
1044 751 1098 813 1Χ
1125 750 1311 783 annos

323 877 552 929 Elfwold
595 878 736 928 filius
782 877 965 929 Oswlfi
1008 877 1168 944 regis,
1214 893 1377 944 nepos
1422 875 1679 927 Eadberti
1722 875 1880 942 regis,
1921 876 2140 942 expulso

214 949 505 1001 Ethelredo
531 949 707 1000 tenuit
733 967 961 1017 regnum
987 967 1020 999 Χ
1048 967 1231 1000 00003.

325 1022 438 1073 Iste
463 1022 782 1085 Ethelwold,
817 1022 1018 1089 injuste
1057 1039 1087 1072 a
1121 1021 1229 1071 suis
1267 1020 1489 1083 occisus,
1523 1019 1809 1087 requiescit
1839 1019 1893 1069 in
1925 1020 2138 1070 Hextil-

215 1092 453 1157 desham,
493 1094 586 1145 sed
611 1094 668 1144 in
693 1094 811 1145 1000
838 1111 943 1161 quo
969 1099 1049 1144 est
1075 1093 1278 1144 occisus
1305 1093 1397 1143 lux
1426 1092 1629 1144 eaelitus
1657 1109 1793 1159 saepe
1819 1092 1930 1142 visa
1955 1098 2049 1143 est.

323 1166 495 1217 Osred
544 1166 687 1216 filius
729 1165 985 1217 Alehredi
1024 1166 1045 1233 j
1095 1183 1313 1216 annum.
1406 1165 1517 1216 Iste
1563 1165 1736 1216 Osred
1775 1170 1893 1231 post
1935 1182 2138 1215 annum

214 1238 464 1305 expulsus
492 1244 572 1289 est
600 1238 664 1289 de
689 1256 873 1304 regno,
914 1237 1036 1288 dolo
1064 1237 1472 1288 circumventus.

323 1310 518 1361 Postea
541 1310 799 1361 Ethelred
818 1309 959 1360 filius
978 1309 1317 1371 Ethelvvoldi,
1339 1309 1404 1360 de
1424 1308 1581 1360 exilio
1600 1307 1874 1371 liberatUS,
1895 1308 2140 1375 regnavit

214 1380 412 1432 iterum
438 1381 528 1450 vij.
605 1382 715 1433 Iste
741 1381 1001 1433 Ethelred
1027 1381 1162 1432 filios
1202 1381 1452 1432 Elfwoldi
1490 1381 1556 1432 ab
1595 1379 1838 1431 Eboraco
1872 1386 2138 1431 extractos

212 1454 455 1520 peremit.

321 1524 588 1577 Osbaldus
615 1525 858 1591 regnavit
882 1525 1021 1594 xxvij
1050 1525 1180 1577 (1103.

320 1598 611 1648 Eardulfus
637 1616 670 1648 Χ
698 1606 911 1649 00003.9

321 1669 551 1720 Elfwold
577 1670 610 1737 ij
643 1687 826 1720 annos.

320 1742 535 1792 Eanred
561 1741 722 1809 xxxiij
754 1758 937 1791 annos.

319 1813 577 1865 Ethelred
603 1813 743 1863 filius
771 1812 1006 1864 Eanredi
1031 1812 1082 1862 ix
1111 1830 1294 1863 annos.

320 1885 424 1936 Illo
451 1886 625 1936 occiso
650 1903 878 1952 regnum
903 1885 1079 1936 tenuit
1114 1884 1355 1952 Osbryht
1382 1883 1493 1952 xiij,
1534 1902 1638 1951 quo
1664 1888 1851 1951 postea
1877 1883 1942 1935 de
1969 1902 2136 1950 regno

210 1957 445 2024 expulso,
484 1957 917 2008 Northumbrani
955 1956 1351 2008 constituerunt
1390 1956 1492 2007 sibi
1529 1974 1711 2023 regem
1747 1974 1857 2006 non
1892 1956 1957 2007 de
1988 1957 2135 2023 regia

210 2030 392 2096 stirpe,
419 2030 676 2081 vocabulo
703 2031 841 2092 Ella,
882 2047 985 2097 quo
1012 2036 1251 2096 tempore
1273 2028 1443 2080 Danis
1469 2028 1902 2096 oppugnantibus
1930 2029 2134 2079 Ebora-

211 2120 351 2164 cum,
378 2102 753 2169 Northymbri,
780 2102 1095 2153 reducentes
1124 2101 1440 2152 Osbrihtum
1467 2101 1523 2150 in
1549 2119 1795 2167 regnum,
1825 2100 1986 2151 simul
2012 2119 2136 2151 eum

209 2173 304 2223 illo
331 2180 384 2224 et
423 2191 546 2224 011111
572 2174 712 2236 Ε110,
753 2174 960 2224 duobus
998 2173 1231 2239 regibus,
1266 2179 1451 2223 eontra
1483 2172 1667 2223 Danos
1693 2178 1951 2239 pugnant.
2030 2173 2137 2223 Sed

211 2245 368 2296 ambo
411 2263 563 2313 reges
613 2246 772 2297 000131
824 2252 965 2296 sunt.
1051 2245 1161 2296 Qui
1204 2247 1403 2295 Sancto
1442 2244 1743 2295 Cuthberto
1795 2263 1916 2294 suas
1968 2250 2135 2294 terras

211 2317 565 2381 abstulerunt,
605 2317 997 2380 Werkeworth,
1049 2316 1393 2380 Tillemuthe,
1441 2316 1825 2383 Billingaham,
1866 2316 2049 2368 Ileclif
2081 2322 2135 2367 et

209 2389 478 2455 Wigeclif.

317 2463 511 2513 Postea
535 2461 780 2529 regnavit
806 2461 1040 2529 Eegbert
1066 2462 1114 2529 vj
1146 2478 1331 2511 annos,

319 2533 467 2584 Riesi
492 2534 527 2601 ij
559 2552 742 2585 annos.

317 2605 552 2672 Eogbert
578 2606 613 2674 ij
646 2624 831 2657 annos,

318 2677 566 2729 Guthred
593 2696 703 2741 reX,
732 2696 793 2730 ex
822 2695 970 2729 servo
996 2676 1107 2744 xiiij
1140 2693 1322 2727 annos.

317 2750 511 2800 Postea
554 2750 869 2817 Reignwold
913 2749 1191 2817 occupavit
1233 2756 1433 2800 terram
1479 2747 1667 2798 Sancti
1705 2746 1992 2798 Cuthberti
2039 2766 2135 2816 per

211 2821 444 2884 Seulam,
473 2827 527 2873 et
552 2822 827 2873 Onlafbal.

314 2894 465 2944 Tune
492 2894 595 2961 xxij
627 2912 794 2945 annos
820 2893 1063 2961 regnavit
1088 2892 1414 2944 Eadwardus
1442 2891 1580 2942 filius
1608 2891 1815 2942 Elfredi
1840 2891 1996 2958 regis.

315 2965 445 3015 Post
485 2966 841 3017 Eadwardum
882 2984 1062 3033 regem
1103 2965 1348 3032 regnavit
1388 2964 1760 3026 Ethelstanus,
1801 2963 1893 3031 qui
1927 2963 2130 3030 primus

206 3036 373 3088 totius
398 3038 610 3104 Angliae
635 3056 861 3105 regnum
889 3037 1125 3089 obtinuit
1151 3055 1219 3087 xx
1246 3054 1429 3087 annos.

315 3109 443 3159 Post
470 3127 592 3160 eum
617 3110 783 3161 frater
808 3111 921 3178 ejus
948 3109 1299 3160 Eadmundus
1325 3107 1569 3175 regnavit
1595 3107 1648 3158 ix
1677 3125 1862 3158 annos.

315 3181 447 3231 Post
472 3182 870 3245 Eadmundum,
910 3182 1076 3233 frater
1101 3183 1214 3250 ejus
1242 3180 1454 3231 Eadred
1479 3179 1723 3247 regnavit
1748 3198 1782 3229 Χ
1809 3197 1992 3230 00003.

315 3253 446 3303 Post
471 3254 775 3304 Eadredum
802 3254 1004 3317 Eadwi,
1044 3254 1186 3304 filius
1212 3252 1521 3303 Eadmundi
1544 3251 1702 3319 regiS,
1735 3252 1756 3319 j
1789 3269 2006 3302 annum.

206 3435 277 3464 are
307 3423 437 3474 Beda,
467 3423 550 3464 and
580 3424 654 3464 the
686 3423 800 3464 brief
823 3424 1170 3465 Northumbrian
1204 3423 1477 3475 Chronology
1506 3422 1726 3474 appended
1758 3423 1803 3460 to
1838 3420 1903 3460 his
1936 3420 2130 3470 History.

207 3479 297 3519 The
318 3479 550 3531 genealogy
570 3479 616 3519 of
640 3478 850 3519 Oeolwlf
840 3493 875 3519 13
895 3479 1020 3531 given
1041 3480 1087 3519 in
1105 3480 1180 3520 the
1205 3479 1345 3519 Saxon
1367 3477 1607 3527 Chroniele,
1636 3477 1720 3516 and
1740 3476 1825 3516 also
1845 3475 1891 3514 in
1913 3474 1969 3527 Sy
1974 3475 2109 3515 meon'
2113 3487 2132 3514 s

205 3533 388 3584 History
408 3534 453 3573 of
477 3535 551 3574 the
572 3533 745 3574 Churoh
765 3534 811 3574 of
835 3534 1043 3584 Durham,
1073 3534 1213 3575 book
1203 3547 1245 3583 1.,
1265 3547 1299 3574 0.
1322 3533 1410 3574 Χ111.

285 3596 309 3621 g
339 3588 429 3628 The
462 3588 632 3629 ancient
659 3590 857 3629 Historia
889 3591 939 3628 de
971 3567 1109 3629 Gesstis
1142 3591 1300 3641 Regum
1330 3587 1479 3629 breaks
1505 3587 1567 3627 off
1590 3584 1787 3636 abruptly
1809 3583 1855 3623 in
1884 3583 1970 3623 this
1996 3582 2083 3632 reig„
2071 3596 2130 3623 >mn

209 3642 299 3683 The
322 3643 574 3683 authorities
605 3656 697 3683 now
717 3643 907 3684 followed.
936 3656 1006 3684 are
1026 3644 1100 3684 the
1119 3643 1309 3683 Libellus
1329 3644 1379 3683 de
1400 3642 1616 3682 Saxonum
1636 3641 1836 3689 adventu,
1868 3640 1961 3688 etc„
1992 3637 2038 3677 in
2059 3615 2131 3677 the

207 3700 378 3748 present
399 3698 580 3747 volume,
610 3712 678 3749 pp.
700 3700 872 3748 202-15,
903 3699 987 3738 and.
1006 3699 1080 3738 the
1101 3698 1294 3738 Historia
1314 3698 1364 3738 de
1385 3697 1540 3737 Sancto
1561 3695 1811 3735 Cuthberto.
