2384 4126
346 411 448 460 142
907 428 1166 461 HISTORIA
1206 428 1274 461 DE
1318 429 1357 461 S.
1401 428 1723 461 cUTHBERTo

457 554 579 605 Hoc
606 560 849 622 tempore
884 555 1018 606 obiit
1054 556 1285 606 Sanctus
1322 555 1672 618 Cuthbertus,
1713 560 1766 605 et
1805 553 2060 606 successit
2099 552 2272 604 Ezred

347 625 641 693 episcOPUS,
683 627 775 693 qui
815 627 1198 694 transportavit
1234 628 1502 694 quandam
1539 627 1816 678 ecclesiam
1851 627 1979 677 olim
2014 626 2212 676 factam
2242 642 2272 674 a

346 696 505 748 beato
546 698 760 749 Aidano
799 704 1039 767 tempore
1077 700 1314 751 Oswaldi
1351 700 1489 766 regis
1528 700 1593 751 de
1633 697 2060 750 Lindisfarnensi
2093 697 2272 747 insula

351 769 418 819 ad
455 770 783 832 Northham,
822 771 1005 837 ibique
1045 789 1163 822 eam
1200 771 1584 834 re-aedificavit,
1626 777 1679 822 et
1709 771 1838 821 illuc
1870 788 2060 836 corpus
2089 768 2273 819 Sancti

351 841 637 893 Cuthberti
665 848 718 893 et
746 843 1020 893 Ceolwulfi
1050 843 1191 909 regis
1226 843 1503 893 transtulit
1519 865 1532 905 ;
1575 843 1852 910 ipsamque
1878 842 2060 892 villam
2088 846 2273 891 sancto

351 912 657 964 Confessori
695 913 842 964 dedit
877 931 1000 964 cum
1036 914 1241 965 duabus
1277 915 1394 965 aliis
1430 914 1588 978 villis,
1629 914 1971 976 Gedwearde,
2013 920 2066 964 et
2105 913 2274 962 altera

350 984 695 1047 Gedwearde,
723 994 777 1036 et
803 985 1057 1052 quicquid
1085 985 1151 1036 ad
1177 1004 1264 1036 eas
1291 986 1543 1053 pertinet,
1573 1005 1603 1037 a
1628 987 1809 1036 Duna0
1828 1003 1998 1052 usque
2026 984 2091 1035 ad
2118 984 2270 1035 Tefe-

348 1056 656 1122 gedmuthe,
702 1065 757 1107 et
797 1057 922 1108 inde
964 1057 1030 1107 ad
1068 1057 1333 1120 Wiltuna,
1374 1063 1428 1109 et
1464 1058 1590 1108 inde
1626 1058 1770 1108 ultra
1807 1063 2046 1108 montem
2089 1074 2271 1106 versus

351 1133 610 1178 austrum.
722 1129 918 1179 Postea
966 1128 1110 1179 idem
1156 1135 1373 1179 sanctus
1419 1129 1696 1196 episcopus
1739 1128 1948 1195 Ecgred
1992 1127 2274 1179 aedificavit

348 1199 626 1249 ecclesiam
648 1199 789 1266 apud
808 1199 988 1250 villam
1008 1218 1126 1266 quae
1142 1207 1363 1251 vocatur
1379 1200 1675 1267 Gegnford,
1694 1205 1747 1251 et
1767 1200 1915 1251 dedit
1935 1217 2052 1250 eam
2074 1200 2273 1249 Sancto

349 1270 665 1334 Cuthberto,
709 1276 762 1322 et
790 1271 1043 1338 quicquid
1070 1272 1136 1322 ad
1161 1290 1279 1322 eam
1314 1272 1566 1338 pertinet,
1607 1290 1637 1322 a
1674 1271 1896 1322 flumine
1933 1272 2067 1322 Tese
2103 1288 2273 1337 usque

347 1342 413 1392 ad
439 1342 622 1405 VVeor,
663 1349 716 1393 et
752 1361 782 1393 a
806 1342 892 1393 via
926 1361 1045 1410 quae
1071 1348 1292 1394 vocatur
1321 1344 1692 1394 DeorestreteP
1719 1361 1888 1410 usque
1928 1343 1995 1393 ad
2031 1348 2271 1393 montem

346 1431 530 1464 versus
573 1414 923 1465 occidentem.
999 1416 1072 1466 Et
1106 1416 1250 1466 ultra
1274 1415 1495 1466 fiuvium
1522 1416 1654 1467 Tese
1684 1415 1789 1466 tria
1814 1414 2063 1465 milliaria
2088 1432 2270 1465 versus

348 1492 622 1536 austrum:
665 1492 719 1537 et
751 1504 842 1537 sex
867 1504 1051 1538 versus
1084 1487 1433 1539 occidentem.
1510 1489 1583 1538 Et
1616 1487 1758 1538 idem
1794 1487 2073 1554 episcopus
2108 1486 2270 1536 aedifi-

347 1557 487 1607 cavit
512 1558 645 1608 duas
671 1558 842 1621 villas,
871 1559 1065 1620 Ileclif,
1106 1566 1160 1610 et
1187 1559 1448 1626 Wigeclif
1480 1560 1624 1610 ultra
1660 1560 1810 1621 Tese,
1852 1565 1905 1610 et
1938 1558 2271 1625 Billingham

346 1629 404 1679 in
433 1630 861 1692 Heorternesse,q
887 1637 940 1682 et
967 1631 1113 1682 dedit
1140 1649 1227 1682 eas
1259 1633 1457 1682 Sancto
1485 1631 1799 1683 Cuthberto.

454 1702 586 1752 Post
630 1701 743 1753 haec
788 1702 1087 1753 Osberhtus
1137 1721 1230 1754 rex
1274 1703 1496 1754 abstulit
1544 1705 1742 1755 Sancto
1789 1702 2087 1754 Cuthberto
2137 1701 2269 1752 duas

344 1772 497 1823 villas
538 1774 935 1825 Werceworthe
976 1781 1029 1825 et
1070 1775 1428 1842 Tyllemuthe.
1527 1776 1631 1826 Sed
1672 1783 1793 1842 post
1835 1774 2066 1842 spatium
2113 1774 2271 1824 unius

347 1844 476 1895 anni
513 1845 710 1912 eripuit
745 1846 894 1896 Deus
930 1846 995 1897 ab
1037 1864 1099 1897 eo
1140 1846 1307 1897 vitam
1349 1852 1402 1897 et
1445 1865 1691 1914 regnum.
1770 1847 1872 1898 Cui
1899 1846 2153 1896 successit
2178 1863 2272 1897 rex

345 1916 483 1978 Elle,
526 1917 617 1984 qui
642 1917 779 1968 bene
805 1918 1050 1984 promisit
1077 1925 1262 1969 sancto
1290 1919 1615 1981 Confessori,
1658 1918 1749 1969 sed
1783 1918 1923 1969 male
1960 1917 2102 1984 egit:
2143 1935 2270 1968 nam

347 1987 570 2038 abstulit
606 1988 672 2039 ab
703 2006 765 2042 eo
793 1989 1142 2056 Billingham,
1183 1996 1237 2042 et
1272 1990 1466 2053 Ileclif,
1506 1997 1560 2042 et
1585 1990 1855 2057 Wigeclif,
1896 1995 1949 2041 et
1992 1990 2174 2050 Creca,
2217 1995 2271 2040 et

342 2059 462 2110 ideo
487 2059 569 2110 ira
593 2061 698 2112 Dei
724 2066 778 2111 et
804 2062 978 2112 sancti
1004 2062 1337 2113 Confessoris
1364 2080 1585 2114 accensa
1611 2069 1691 2113 est
1718 2080 1875 2129 super
1900 2079 2039 2112 eum.
2122 2061 2268 2111 Nam

344 2131 506 2182 Ubba
532 2131 639 2182 dux
660 2133 996 2183 Fresciorum
1024 2151 1146 2184 cum
1174 2152 1369 2200 magno
1391 2135 1670 2185 Danorum
1698 2133 1935 2185 exercitu
1960 2133 2017 2183 in
2042 2150 2269 2199 regnum

345 2203 458 2270 ejus
486 2203 650 2267 venit,
688 2210 741 2255 et
767 2204 824 2254 in
851 2211 1036 2255 sancto
1061 2205 1147 2256 die
1173 2206 1482 2256 Palmarum
1510 2207 1651 2273 apud
1676 2206 1974 2256 Eboracam
2000 2205 2270 2255 civitatem

345 2274 617 2342 applicuit.
704 2275 865 2329 Quod
905 2294 1028 2327 cum
1067 2277 1305 2328 audisset
1345 2278 1482 2340 Elle,
1526 2278 1617 2344 qui
1656 2283 1787 2328 tunc
1831 2282 2046 2344 propter
2085 2276 2268 2326 odium

345 2347 532 2397 Sancti
560 2347 846 2399 Cuthberti
871 2348 927 2399 in
955 2349 1124 2400 Creca
1148 2349 1476 2411 morabatur,
1505 2367 1628 2400 cum
1654 2367 1851 2416 magna
1877 2348 2126 2416 superbia
2151 2366 2267 2398 sur-

340 2418 497 2481 rexit,
519 2419 813 2470 exercitum
839 2438 961 2471 cum
981 2420 1147 2472 fratre
1174 2439 1270 2472 suo
1292 2421 1581 2473 osberhtor
1600 2420 1961 2488 congregavit,
1982 2420 2040 2470 in
2059 2420 2268 2470 hostem

342 2489 532 2541 irruit:
576 2491 667 2541 sed
698 2509 822 2543 mox
852 2492 932 2543 ira
963 2492 1067 2544 Dei
1098 2499 1152 2544 et
1187 2493 1356 2544 sancti
1394 2493 1727 2544 Confessoris
1761 2492 2093 2560 perterritUS,
2134 2509 2269 2543 caeso

341 2562 582 2613 exercitu
621 2563 763 2630 fugit
804 2570 858 2615 et
899 2565 1118 2626 corruit,
1158 2565 1429 2633 vitamque
1471 2572 1525 2617 et
1564 2583 1791 2632 regnum
1832 2564 2082 2632 perdidit,
2129 2563 2268 2613 sicut

341 2633 471 2683 olim
499 2635 727 2701 contigit
754 2636 905 2686 Sauli
930 2637 1044 2703 regi
1072 2637 1182 2688 filio
1209 2637 1319 2700 Cis,
1360 2637 1451 2704 qui
1483 2655 1606 2688 cum
1632 2637 1769 2688 bene
1794 2635 2126 2704 promisisset
2153 2635 2270 2686 Deo

344 2711 398 2755 et
427 2706 703 2757 Samuheli
728 2707 1019 2774 prophetae,
1059 2709 1318 2759 mentitus
1346 2715 1444 2771 est,
1482 2715 1535 2760 et
1562 2709 1701 2760 male
1728 2709 1869 2776 egit:
1911 2713 1964 2758 et
1989 2707 2188 2757 idcirco
2214 2706 2271 2756 in

340 2794 524 2842 pugna
559 2784 747 2829 contra
783 2779 1070 2831 Philisteos
1108 2797 1230 2831 cum
1266 2781 1376 2831 filio
1409 2798 1505 2831 suo
1532 2781 1826 2843 Jonathan,
1867 2786 1919 2830 et
1957 2778 2268 2830 melioribus

342 2847 576 2898 filiorum
618 2849 787 2900 Israel
829 2851 1039 2901 cecidit.
1118 2852 1326 2902 Idcirco
1362 2858 1582 2903 caveant
1619 2870 1769 2919 reges
1798 2858 1851 2903 et
1877 2850 2160 2918 principes,
2202 2867 2269 2899 ne

342 2919 693 2983 mentiantur,
731 2926 784 2972 et
810 2939 877 2972 ne
905 2923 1033 2989 quid
1061 2923 1307 2974 auferant
1336 2925 1535 2974 Sancto
1563 2923 1880 2985 CuthbertO,
1920 2939 2019 2973 nec
2047 2939 2268 2972 consen-

341 2990 480 3040 tiant
523 2991 907 3044 auferentibus.
1003 2994 1162 3057 Quia,
1199 3001 1259 3044 ut
1302 2995 1377 3045 ait
1420 2996 1649 3045 Sanctus
1686 2994 1900 3056 Paulus,
1946 2994 2063 3045 Non
2103 2994 2269 3044 solum

329 3068 557 3127 peccant
585 3064 673 3130 qui
694 3063 929 3129 faciunt,
965 3067 1061 3116 sed
1083 3067 1171 3132 qui
1200 3067 1563 3118 consentiunt.⁸

425 3174 441 3191 ⁰
471 3166 645 3208 Instead
677 3168 723 3209 of
747 3184 774 3208 a
804 3171 948 3219 Dana,
978 3182 1022 3210 as
1055 3170 1101 3210 in
1135 3170 1209 3211 the
1244 3170 1352 3220 MS„
1383 3170 1592 3222 Twysden
1625 3171 1700 3212 has
1728 3169 1898 3222 printed
1930 3172 2162 3221 adunaque,
2197 3171 2272 3209 not

340 3221 587 3274 perceiving
618 3223 715 3263 that
747 3224 878 3264 Duna
910 3225 946 3264 is
980 3238 1004 3264 a
1034 3238 1187 3277 proper
1218 3238 1353 3266 name.
1397 3226 1503 3266 'The
1537 3225 1714 3266 Dunion
1746 3225 1781 3265 is
1811 3225 1884 3266 the
1914 3237 2038 3265 name
2058 3225 2104 3265 of
2128 3237 2152 3263 a
2171 3237 2273 3276 very

339 3277 600 3318 remarkable
636 3278 712 3318 hill
746 3291 848 3319 near
879 3279 1120 3332 Jedburgh,
1153 3280 1262 3320 from
1292 3281 1465 3321 whence
1497 3294 1522 3320 a
1553 3281 1640 3321 line
1671 3280 1707 3320 is
1736 3281 1881 3320 drawn
1901 3282 1945 3320 to
1964 3280 2038 3320 the
2059 3280 2209 3320 Teviot
2229 3282 2272 3319 at

342 3330 372 3370 J
376 3331 582 3373 edmouth
604 3332 1035 3386 (Tefy-Gedmouth),
1064 3335 1148 3375 and
1168 3348 1212 3375 so
1234 3348 1291 3387 up
1311 3336 1407 3375 that
1426 3335 1538 3376 river
1557 3339 1602 3376 to
1622 3335 1803 3385 Wilton,
1836 3335 2125 3387 immediately
2145 3347 2278 3386 opp0-.

342 3388 422 3426 site
441 3389 486 3427 to
505 3387 580 3427 the
599 3389 714 3428 town
735 3389 781 3428 of
805 3389 999 3430 Hawick.

421 3449 442 3473 Ρ
474 3442 577 3482 This
597 3441 632 3482 is
651 3443 725 3483 the
745 3443 911 3484 earliest
929 3444 1121 3485 mention
1142 3446 1198 3497 by
1214 3458 1297 3497 any
1318 3445 1535 3486 mediaeval
1556 3446 1697 3486 writer
1718 3445 1763 3485 os
1787 3444 2044 3493 Deorstrete,
2063 3444 2136 3484 the
2157 3445 2276 3494 great

341 3495 510 3536 Roman
530 3497 836 3551 thoroughfare
857 3499 1046 3551 through
1066 3500 1140 3540 the
1160 3503 1321 3553 county
1342 3501 1388 3540 of
1412 3500 1623 3550 Durham,
1654 3501 1762 3540 fron]
1782 3500 1909 3540 south
1929 3501 1975 3539 to
1995 3499 2137 3540 north.

420 3559 435 3582 9
467 3551 835 3605 Heorternoesyre.
896 3556 993 3595 MS.
1018 3556 1274 3607 Cambridge.

417 3614 432 3630 ⁷
462 3606 618 3648 Osbert
638 3608 722 3648 and
742 3608 837 3648 Ella
857 3621 927 3649 are
948 3611 1025 3649 not
1046 3611 1315 3661 represented
1335 3623 1379 3650 as
1398 3610 1595 3651 brothers
1610 3611 1667 3663 by
1683 3623 1766 3662 any
1787 3609 1910 3649 other
1928 3608 2162 3659 authority.
2203 3607 2273 3647 On

335 3660 409 3699 the
429 3664 641 3714 contrary,
673 3663 826 3703 Osbert
852 3663 888 3703 is
919 3665 1076 3715 spoken
1111 3665 1156 3703 os
1182 3677 1224 3705 as
1251 3678 1272 3703 a
1303 3665 1538 3716 legitimate
1560 3665 1794 3716 sovereign,
1824 3664 1918 3704 Ena
1948 3676 1991 3703 as
2020 3676 2042 3703 a
2078 3674 2272 3713 usurper²

330 3716 356 3733 “
372 3728 457 3754 non
479 3716 529 3756 de
549 3717 680 3764 regali
701 3718 935 3770 prosapin.'’
1274 3727 1284 3744 ¹
1314 3720 1438 3761 Rom.
1462 3720 1488 3760 i.
1512 3723 1577 3761 32.
