2384 4126
765 392 1034 425 ffls'romAE
1075 391 1460 425 CONTINUA'rlo.
1970 381 2071 429 123

149 519 591 581 ‚lerosolimitan0,
631 520 713 570 vel
737 536 841 584 pro
876 518 1166 585 Hispanico
1203 518 1390 568 itinere
1427 533 1606 567 cruces
1639 517 1741 567 sibi
1767 518 1823 568 in
1847 520 2074 570 vestibus

140 593 379 658 posuisse
405 596 691 641 noscuntur
716 597 765 641 et
781 597 970 656 postea
998 590 1274 651 dimisisse,
1316 606 1495 640 cruces
1520 589 1709 639 iterate
1736 607 1997 641 assumere
2024 597 2075 641 et

147 664 286 714 viam
319 663 540 714 instanti
581 664 794 713 Pascha
832 680 993 728 usque
1032 662 1104 713 ad
1125 662 1426 728 proa‘imum
1461 678 1677 726 sequens
1704 662 1917 711 Pascha
1946 679 2071 727 per-

138 734 301 800 ficere
328 735 633 801 Apostolica
661 735 977 785 auctoritate
992 734 1346 800 praecipimus,
1389 733 1621 798 alioquin
1659 738 1851 784 ea’tunc
1887 750 1973 784 eos
2009 735 2073 784 ab

148 807 372 857 ecclesiae
397 807 618 857 introitu
644 812 1043 872 sequestramus,
1072 811 1122 856 et
1148 806 1203 855 in
1230 804 1462 855 omnibus
1490 805 1647 855 terris
1674 822 1847 855 eorum
1875 806 2073 856 Divina

153 879 341 946 officia,
352 884 553 944 praeter
571 877 832 943 infantum
853 879 1110 944 baptisma
1132 883 1181 928 et
1201 877 1530 928 morientium
1540 877 1895 942 poenitentias,
1913 878 2073 928 inter-

153 951 388 1001 dicimus.

263 1023 560 1088 Quicunque
599 1027 855 1073 monetam
886 1021 1091 1087 falsam
1136 1038 1189 1071 se
1229 1021 1423 1071 sciente
1455 1018 1669 1085 fecerit,
1713 1026 1804 1071 aut
1844 1021 2074 1071 studiose
2121 1062 2126 1068 .

151 1095 468 1160 expenderit,
499 1100 748 1160 tanquam
774 1094 1099 1156 maledictus,
1136 1098 1186 1144 et
1201 1110 1496 1159 pauperum
1523 1110 1797 1158 oppressor
1822 1093 2071 1155 virorum,

150 1171 198 1216 et
227 1167 468 1217 turbator
494 1166 726 1217 civitatis
753 1184 784 1216 a
800 1166 1040 1232 fidelium
1069 1166 1326 1216 consortio
1347 1170 1637 1230 separetur.

262 1239 322 1287 Si
349 1239 462 1304 quis
488 1238 790 1303 Romipetas
822 1244 871 1288 et
895 1238 1205 1304 pereqrinos
1232 1237 1601 1302 Apostolorum
1637 1236 1817 1287 limina
1854 1242 1903 1287 et
1945 1238 2073 1288 alio-

149 1327 264 1360 rum
294 1311 606 1361 Sanctorum
633 1310 869 1361 oratoria
895 1310 1169 1360 visitantes
1198 1326 1399 1374 capere,
1440 1325 1530 1358 seu
1557 1308 1707 1359 rebus
1735 1326 1865 1374 quas
1886 1307 2074 1374 serunt

150 1382 393 1447 spoliare,
434 1387 483 1432 et
522 1388 835 1432 mercatores
880 1382 1025 1432 novis
1065 1383 1378 1432 teloneorum
1423 1386 1473 1431 et
1506 1381 1874 1446 pedaticorum
1919 1399 2072 1432 ea’ac-

151 1454 378 1505 tionibus
427 1454 700 1504 molestare
746 1454 1091 1519 temptaverit,
1145 1453 1305 1503 donec
1354 1452 1672 1517 satisfecerit
1724 1454 2074 1504 communione

150 1531 331 1576 careat
368 1526 710 1576 Christianav

260 1597 362 1647 His
388 1597 732 1664 synodalibus
759 1596 985 1647 decretis
1024 1595 1334 1662 subscriptis
1371 1600 1424 1645 et
1460 1594 1804 1657 confirmatis,
1844 1595 2071 1663 impera-

147 1674 319 1720 torem
367 1669 665 1719 Henricum
706 1686 799 1735 per
842 1668 1047 1734 legatos
1093 1684 1216 1717 suos
1255 1672 1308 1717 et
1349 1666 1564 1733 scripta,
1605 1666 1900 1717 secundum
1941 1686 2071 1734 prae-

148 1741 371 1791 missum
412 1740 730 1807 scriptorum
769 1746 1010 1790 tenorem
1046 1739 1451 1806 promittentem
1486 1756 1541 1788 se
1577 1734 1775 1788 sanctae
1816 1739 2073 1790 Romanae

148 1812 383 1863 ecclesiae
420 1812 568 1878 justa
609 1817 959 1874 servaturum,
1008 1811 1270 1877 generalis
1312 1810 1524 1861 concilii
1565 1809 1833 1860 sententia
1877 1811 1943 1861 ab
1984 1829 2072 1862 ex-

149 1883 646 1935 communicationis
706 1883 931 1934 absolvit
980 1883 1212 1945 vinculo,
1272 1900 1377 1949 quo
1432 1882 1488 1932 in
1541 1882 1796 1933 Remensi
1847 1883 2072 1935 concilio

148 1956 324 2007 fuerat
350 1956 564 2022 ligatus.

255 2029 477 2079 Peracto
530 2027 791 2089 Concilio,
845 2027 1127 2078 memorati
1178 2026 1283 2077 duo
1334 2026 1638 2093 Anglorum
1690 2026 2073 2094 archiepiscopi

147 2100 522 2167 ingrediuntur
572 2100 817 2150 Romam.
916 2099 1020 2150 Sed
1077 2098 1426 2149 Eboracensis
1478 2098 1735 2164 praevenit
1787 2099 2070 2149 Cantuari-

145 2190 340 2223 ensem.
417 2171 607 2222 Paucis
628 2177 750 2238 post
769 2171 956 2222 diebus
977 2170 1377 2221 Cantuariensis
1407 2170 1780 2236 superveniens
1803 2170 2072 2222 difficilem

147 2244 214 2295 ad
239 2244 388 2311 pallii
412 2243 844 2310 impetrationem
880 2243 1068 2293 habuit
1110 2260 1399 2304 accessum,
1440 2242 1727 2308 impeditus
1754 2260 1817 2292 ex
1844 2242 1925 2292 his
1954 2261 2072 2309 quae

148 2316 250 2366 sibi
293 2315 493 2367 ibidem
533 2315 775 2382 opposita
817 2315 1030 2365 fuerant
1049 2336 1062 2376 ,-
1119 2314 1338 2375 scilicet,
1380 2313 1541 2364 Quod
1584 2313 1641 2362 in
1687 2314 1833 2363 curia
1879 2333 1997 2380 quae
2042 2333 2073 2365 a

147 2405 334 2439 cruore
379 2387 592 2449 dicitur,
631 2386 706 2437 ibi
746 2386 889 2437 enim
930 2386 1253 2452 sanguinum
1288 2385 1493 2453 judicia
1530 2385 1685 2447 fiunt,
1727 2385 1797 2435 sit
1832 2386 2067 2449 electus,

149 2460 309 2511 Quod
336 2477 444 2510 non
471 2458 743 2509 communi
770 2476 1035 2508 consensu
1069 2458 1303 2508 ecclesiae
1341 2457 1740 2507 Cantuariensis
1769 2457 1837 2507 sit
1865 2458 1930 2507 ad
1958 2460 2070 2526 ejus

145 2531 385 2598 regimen
410 2536 686 2597 promotus
707 2551 721 2592 3
766 2530 926 2581 Quod
953 2548 1007 2580 se
1043 2529 1109 2580 ab
1135 2528 1459 2580 Eboracensi
1487 2529 1880 2596 archiepiscopo
1907 2531 2064 2581 Turs-

145 2603 280 2665 tino,
336 2603 473 2654 sicut
523 2620 635 2653 mos
681 2602 933 2669 antiquus
984 2601 1246 2668 exigebat,
1299 2619 1407 2651 non
1459 2619 1645 2667 passus
1688 2600 1757 2651 sit
1798 2601 2032 2652 ordinari
2051 2624 2065 2665 3

149 2675 308 2727 Quod
347 2674 550 2742 primus
596 2691 658 2724 ex
705 2674 890 2725 ordine
942 2673 1175 2724 clericali
1218 2672 1494 2723 monachis
1545 2672 1783 2740 ejusdem
1834 2674 2069 2725 ecclesiae

146 2747 473 2798 consenserit
512 2746 783 2813 praeponi,
825 2746 1164 2812 Augustinus
1205 2745 1349 2795 enim
1393 2745 1687 2795 monachus
1724 2762 1907 2796 omncs
1947 2764 2068 2797 suos

145 2836 470 2870 successores
498 2836 664 2884 usque
690 2818 868 2884 ipsum
887 2817 1223 2867 Willelmum
1249 2817 1439 2867 habuit
1466 2817 1772 2867 monachos.
1854 2818 1957 2868 Sed
1985 2819 2067 2869 his

145 2890 533 2958 objectionibus
553 2890 772 2940 tandem
799 2890 970 2956 gratia
991 2889 1337 2956 Imperatoris
1363 2888 1574 2956 praefati
1596 2895 1649 2939 et
1680 2889 1905 2940 Henrici
1930 2891 2071 2957 regis

142 2963 462 3029 Anglorum,
517 2962 607 3029 qui
647 2980 739 3029 per
789 2962 994 3029 legatos
1039 2979 1161 3012 suos
1212 2961 1419 3011 strenui
1467 2961 1846 3012 intercessores
1898 2969 2068 3025 erant,

142 3035 412 3101 repressis,
455 3042 701 3101 suscepto
743 3033 1073 3085 sollemniter
1117 3033 1292 3100 pallio,
1334 3033 1657 3100 querebatur
1696 3033 1754 3083 in
1794 3033 2068 3086 audientia

142 3106 308 3157 totius
335 3112 551 3157 senatus
578 3107 835 3157 Romanae
877 3106 1112 3157 ecclesiae
1144 3105 1587 3156 Cantuariensem
1616 3105 1892 3156 ecclesiam
1921 3124 1950 3156 a
1976 3125 2071 3158 sua

143 3177 404 3244 dignitate
448 3196 543 3244 per
583 3178 973 3244 surreptionem
1016 3177 1399 3244 archiepiscopi
1442 3177 1794 3228 Eboracensis
1840 3177 2067 3244 degene-

141 3257 332 3311 ratam,
384 3267 501 3316 quae
542 3268 572 3300 a
616 3250 787 3317 primo
838 3249 1079 3318 ejusdem
1132 3249 1377 3316 episcopo
1428 3249 1736 3316 Augustino
1785 3268 1952 3316 usque
2004 3250 2071 3301 ad

143 3320 455 3383 Radulfum,
508 3321 599 3387 qui
640 3328 764 3372 ante
806 3322 982 3388 ipsum
1024 3321 1360 3372 Willelmum
1402 3321 1596 3384 fuerat,
1647 3321 1814 3372 totius
1855 3322 2068 3388 Angliae

140 3391 430 3457 primatum
472 3392 708 3458 gerebat,
749 3411 908 3460 quem
952 3411 1097 3444 nunc
1137 3393 1331 3444 obnixe
1371 3393 1558 3444 orabat
1594 3392 1845 3455 ecclesiae,
1887 3394 1970 3443 cui
2014 3400 2068 3444 et

143 3463 363 3529 antiqua
389 3464 717 3515 consuetudo
744 3471 797 3516 et
824 3472 1032 3516 servata
1064 3483 1158 3532 per
1189 3471 1271 3516 tot
1311 3483 1477 3515 annos
1516 3464 1910 3531 privilegiorum
1943 3482 2065 3515 auc-

221 3589 238 3606 ¹¹
267 3581 352 3621 For
375 3594 429 3621 an
456 3584 636 3622 account
659 3582 705 3622 of
728 3583 802 3623 the
823 3583 989 3624 decrees
1010 3584 1056 3624 of
1080 3584 1167 3624 this
1188 3583 1379 3634 Council,
1410 3596 1476 3624 see
1496 3583 1723 3632 Baronius,
1753 3583 1816 3623 ed.
1838 3583 1959 3636 Pagi,
1989 3586 2067 3625 sub

140 3639 417 3743 3pssipllllgg23
447 3650 514 3688 pp.
549 3637 691 3678 355-6.
750 3637 949 3690 Symeon,
978 3639 1013 3679 it
1044 3639 1128 3678 will
1162 3639 1213 3678 be
1245 3651 1357 3688 seen,
1388 3638 1568 3679 ascribes
1598 3638 1671 3678 the
1703 3637 1882 3678 Oouncil
1916 3642 1960 3679 to
1994 3640 2067 3681 the
