2384 4126
805 376 1071 410 HlsromAE
1112 376 1499 410 coerNUATIO.
2008 368 2109 418 117

188 503 405 556 eorum}
467 505 712 554 Paterna²
738 508 911 554 tamen
937 521 1247 554 conservans
1272 505 1474 555 viscera
1489 505 1731 570 pietatis,
1760 506 1821 555 de
1849 507 1957 557 Sua
1986 525 2104 559 con-

185 577 400 628 fidentes
424 575 785 626 misericordia
813 593 913 626 nori
948 576 1211 642 relinquit.
1289 577 1398 626 Dia
1435 577 1690 643 siquidem
1714 579 1955 643 peccatis
1993 582 2102 630 ea‘i-

180 649 420 715 yentibus
435 665 538 713 per
562 648 697 697 illud
720 647 1112 698 Teutonicoram
1138 649 1277 714 reyis
1297 649 1508 710 idolam,
1532 650 1827 700 Bardimcm
1847 651 2101 713 videlicet,

172 719 359 786 fideles
386 720 610 770 ecclesioe
637 720 932 770 conturbati
957 725 1093 781 sant,
1116 725 1165 769 et
1193 721 1287 769 alii
1314 721 1518 786 quidem
1546 722 1703 786 capti,
1727 723 1821 771 alii
1847 739 2006 788 usqae
2034 725 2108 773 ad

183 798 397 843 mortem
439 792 667 842 carceris
697 792 1048 842 maceratione
1083 792 1267 859 afflicti
1304 798 1441 842 sant.
1518 793 1703 858 Nuper
1744 799 1915 844 aatem
1941 793 2102 858 festis

184 864 532 914 Pascbalibas
571 864 861 925 celebratis,
903 881 1016 914 cam
1037 864 1437 930 pereffrinorum
1464 870 1513 915 et
1529 883 1823 931 pauperum
1853 867 2105 917 clamores

184 954 276 987 nos
304 935 453 1001 ferre
482 935 696 1001 penitas
730 953 832 986 riori
858 953 1147 1001 possemus,
1186 953 1299 986 cam
1335 937 1561 987 ecclesiae
1584 936 1833 1002 fidelibus
1866 939 1929 988 ab
1971 938 2104 988 Urbe

184 1008 405 1074 diffres-si
437 1024 629 1068 sumas,
672 1013 720 1058 et
756 1008 957 1058 tamdia
994 1008 1263 1058 Satrinam
1296 1009 1557 1059 civitatem
1597 1009 1902 1071 obsedimus,
1945 1011 2105 1061 donec

183 1081 379 1131 Divina
420 1080 660 1145 potentia
705 1085 754 1129 et
798 1081 1159 1145 supradictam
1210 1081 1435 1131 ecclesioe
1479 1081 1744 1132 inimicum
1789 1083 2100 1145 Bardimim,

185 1153 273 1219 qai
318 1152 521 1202 diabolo
564 1152 742 1202 nidum
782 1152 971 1202 ibidem
999 1151 1227 1217 fecerat,
1271 1158 1318 1203 et
1362 1154 1525 1203 locum
1567 1154 1735 1219 ipsam
1775 1154 1829 1204 in
1868 1160 2103 1205 nostram

185 1225 388 1275 omnino
417 1224 641 1274 tradidit
657 1229 989 1289 potestatem.
1066 1225 1331 1290 Royamus
1351 1225 1527 1291 itaque
1555 1227 1831 1276 caritatem
1858 1233 2100 1290 vestram,

183 1302 239 1347 ut
259 1314 359 1362 pro
388 1297 551 1347 tantis
578 1295 836 1361 beneficiis
861 1313 965 1346 uria
1002 1296 1264 1346 nobiscum
1289 1297 1422 1362 Reyz·
1448 1298 1644 1364 Requm
1667 1299 1879 1364 qratias
1904 1298 2102 1364 refera-

184 1369 269 1430 tis,
308 1374 356 1419 et
382 1369 437 1418 in
465 1368 731 1418 catholicoe
756 1369 944 1419 matris
969 1369 1194 1419 ecclesioe
1230 1368 1520 1420 obedientia
1547 1375 1598 1420 et
1622 1371 1833 1421 servitio
1861 1377 2103 1422 constan-

186 1441 382 1491 tissime
420 1440 693 1501 maneatis,
732 1441 1123 1491 retribationem
1151 1440 1376 1491 debitam
1402 1442 1457 1491 in
1481 1443 1732 1506 prceseriti
1759 1448 1808 1493 et
1834 1444 1889 1493 iri
1914 1443 2105 1509 futuro

187 1513 250 1562 ab
285 1512 643 1578 Omnipotente
668 1512 892 1562 Domino
918 1529 1019 1577 per
1054 1512 1190 1578 Ejus
1218 1514 1452 1579 yratiarn
1487 1515 1763 1579 receptari.
1842 1516 2107 1582 Rogamus

184 1585 341 1635 etiam
367 1590 425 1634 ut
452 1586 548 1634 bas
575 1584 782 1634 litteras
807 1590 1017 1634 nostras
1044 1586 1178 1634 alter
1205 1585 1361 1635 alteri
1377 1587 1713 1651 praesentari,
1742 1588 1879 1636 omni
1904 1593 2103 1638 remota

184 1656 518 1722 izeyliyentia,
532 1654 776 1720 faciatis.
853 1657 999 1706 Data
1029 1656 1215 1717 Sutrii,
1245 1657 1292 1723 vj
1324 1657 1425 1706 kal.
1458 1658 1649 1706 blaiiff'l

294 1728 445 1778 Uxor
483 1727 751 1793 quondam
777 1726 1059 1788 VVillelmi,
1093 1728 1375 1778 summersi
1403 1728 1497 1778 filii
1530 1728 1671 1795 regis
1716 1730 1957 1792 Henrici,
2000 1730 2110 1781 filia

183 1799 434 1850 Fulconis
462 1798 670 1849 comitis
687 1798 1107 1864 Andegavensis,
1129 1807 1352 1865 rogante
1373 1807 1540 1867 patre,
1563 1801 1859 1852 remittitur
1880 1803 2106 1869 patriam

187 1891 216 1922 a
241 1890 382 1937 rege.
462 1870 586 1921 Filii
629 1871 770 1937 regis
811 1871 1183 1932 VValanorum,
1231 1871 1414 1922 audita
1458 1873 1843 1924 summersione
1890 1875 2108 1925 Ricardi

186 1943 395 1994 comitis
431 1943 746 2005 Cestrensis,
787 1943 1020 1993 incensis
1065 1943 1271 1994 duobus
1316 1944 1566 2007 castellis,
1609 1945 1901 2013 multisque
1939 1947 2105 1997 inter-

184 2015 356 2078 fectis,
386 2015 628 2082 quaedam
663 2015 721 2064 in
760 2014 851 2065 illo
887 2015 1148 2066 comitatu
1188 2015 1304 2066 loca
1345 2016 1578 2083 graviter
1619 2017 1927 2085 depopulati
1963 2025 2104 2070 sunt.

186 2087 346 2138 Unde
373 2105 463 2137 rex
499 2087 811 2154 indignatus
848 2087 913 2138 de
948 2093 1064 2138 tota
1089 2088 1289 2154 Anglia
1327 2088 1587 2155 producto
1627 2090 1864 2141 exercitu
1898 2090 2108 2142 infinito

186 2160 251 2210 ad
280 2159 658 2210 devastandam
690 2159 993 2209 VValoniam
1019 2160 1269 2222 intendit,
1305 2161 1397 2210 sed
1425 2178 1546 2210 cum
1575 2161 1638 2211 ad
1671 2163 1962 2212 Snauedun
1987 2181 2104 2230 per-

184 2231 433 2293 venisset,
480 2249 569 2281 rex
609 2231 958 2281 Walanorum
1003 2232 1316 2282 muneribus
1358 2238 1412 2283 et
1455 2233 1729 2283 obsidibus
1775 2235 1956 2300 petitis
1995 2236 2109 2302 regi

185 2303 486 2370 Auglorum
525 2310 713 2370 pacato
750 2303 1143 2366 reconciliatur,
1190 2322 1418 2371 moxque
1461 2305 1723 2355 exercitus
1766 2306 1985 2356 domum
2023 2325 2105 2358 re-

186 2375 464 2425 mittitur.⁷²

1042 2479 1254 2512 MCXXII.

294 2571 455 2618 Anno
491 2567 715 2633 Mc.xxij,
752 2567 807 2616 in
833 2567 1016 2634 vigilia
1053 2568 1267 2618 Natalis
1305 2568 1545 2632 Domini,
1588 2576 1778 2621 ventus
1813 2572 2019 2623 validus
2055 2578 2107 2624 et

185 2639 433 2690 insolitus
469 2657 576 2689 non
613 2640 781 2689 solum
821 2640 1021 2701 domos,
1060 2640 1151 2691 sed
1191 2641 1352 2691 etiam
1388 2647 1563 2692 turres
1599 2641 1793 2709 dejecit
1834 2644 2107 2710 lapideas.⁰

184 2711 467 2761 Turstinus
495 2711 918 2778 archiepiscopus
940 2712 1156 2778 exigens
1185 2731 1215 2762 a
1236 2713 1268 2761 J
1273 2712 1484 2763 ohanne
1512 2714 1836 2781 Glasguensi
1863 2716 2108 2783 episcopo

184 2783 567 2851 professionem
608 2790 660 2834 et
702 2783 1109 2851 subjectionem,
1150 2803 1272 2835 curn
1299 2784 1400 2835 hoc
1427 2785 1517 2836 ille
1553 2786 1727 2837 facere
1755 2788 1939 2850 nollet,
1984 2807 2107 2839 eum

186 2855 465 2922 suspendit
501 2855 566 2905 ab
602 2855 773 2906 officio
806 2856 1107 2923 episcopali.
1185 2857 1319 2907 Mox
1345 2857 1436 2907 ille
1473 2858 1700 2908 Romam
1739 2860 2107 2926 proficiscitur,

185 2927 280 2978 ubi
307 2945 428 2977 cum
458 2945 570 2978 sese
598 2927 654 2977 in
682 2945 840 2978 causa
867 2946 962 2978 sua
996 2946 1104 2978 non
1130 2928 1279 2979 vldei
1283 2936 1335 2980 et
1371 2930 1672 2996 procedele,
1718 2932 1782 2981 J
1756 2933 1961 2985 erosolv
1967 2952 2108 2983 mam

185 3000 472 3079 profectus,
515 3017 609 3066 per
644 2999 846 3081 aliquot
886 3000 1087 3051 ibidem
1127 3019 1337 3052 menses
1377 3002 1609 3069 benigno
1644 3004 1958 3069 patrialchae
1985 3005 2107 3056 hos-

185 3071 319 3137 pitio
358 3071 683 3135 demoratur,
725 3072 945 3140 ejusque
981 3072 1169 3140 saepius
1197 3073 1337 3124 vices
1377 3073 1434 3123 111
1473 3075 1768 3141 pontificali
1809 3076 2108 3128 ministerio

189 3143 509 3210 exequitur.1⁰

273 3296 283 3321 ¹
311 3294 453 3335 Psalm
472 3295 631 3337 lxxxix.
651 3301 716 3338 32.

280 3350 431 3390 ”This
449 3350 604 3391 letter
593 3365 629 3391 15
648 3352 694 3391 111
709 3352 934 3403 Baronius,
964 3353 1077 3393 and
1068 3367 1102 3393 15
1123 3353 1293 3394 derived
1313 3355 1422 3394 from
1443 3354 1593 3407 Enolis
1595 3357 1663 3395 115
1646 3370 1823 3397 5·5.011100

192 3458 220 3497 h
272 3403 412 3498 '‘d'Phe
444 3406 584 3445 words
616 3407 725 3447 from
755 3410 843 3460 reyi
874 3411 918 3448 to
951 3409 1026 3449 the
1057 3409 1140 3449 end
1168 3410 1214 3449 of
1238 3410 1313 3450 the
1343 3413 1540 3451 sentence
1569 3424 1639 3452 are
1659 3411 1874 3452 inserted
1864 3424 1910 3450 111
1930 3423 1954 3450 a
1973 3424 2113 3451 coarse

224 3470 276 3497 an

274 3512 421 3552 ⁰This
452 3516 663 3565 sentence,
692 3516 798 3556 with
823 3517 897 3557 the
928 3518 1150 3569 except-ion
1181 3519 1227 3559 of
1252 3519 1326 3559 the
1356 3520 1465 3570 date,
1496 3520 1532 3560 is
1551 3520 1685 3560 added
1705 3523 1748 3560 at
1768 3521 1841 3560 the
1863 3520 1950 3560 foot
1970 3520 2016 3559 of
2040 3520 2114 3560 the

190 3552 297 3618 page
317 3567 364 3606 in
384 3581 408 3607 a
426 3581 521 3608 coa}
524 3582 565 3609 se
585 3570 711 3611 hand.

193 3676 254 3715 ss
270 3630 291 3654 Ρ
323 3621 400 3715 lSee
420 3622 536 3663 Fasti
556 3624 698 3675 Ebor„
717 3624 744 3665 i
750 3638 848 3677 ,.pp
870 3626 971 3670 197-
974 3630 1012 3677 8,
1046 3628 1109 3668 for
1136 3642 1189 3668 an
1214 3632 1395 3670 account
1416 3630 1461 3670 of
1486 3630 1558 3669 tho
1578 3630 1640 3669 bis
1624 3630 1726 3680 511οΡ
1748 3630 1793 3669 os
1819 3629 2012 3681 Glasgow
2032 3629 2115 3668 and

230 3689 279 3715 115
300 3690 321 3716 0
339 3690 435 3717 aim.
