<?xml version="1.0" encoding="UTF-8"?>
<!DOCTYPE html PUBLIC "-//W3C//DTD XHTML 1.0 Transitional//EN"
    "http://www.w3.org/TR/xhtml1/DTD/xhtml1-transitional.dtd">
<html xmlns="http://www.w3.org/1999/xhtml" xml:lang="en" lang="en">
 <head>
  <title>
</title>
<meta http-equiv="Content-Type" content="text/html;charset=utf-8" />
  <meta name='ocr-system' content='tesseract 3.04.00' />
  <meta name='ocr-capabilities' content='ocr_page ocr_carea ocr_par ocr_line ocrx_word'/>
</head>
<body>
  <div class='ocr_page' id='page_1' title='image "./operacollect00simerich_0209.png"; bbox 0 0 2384 4126; ppageno 0'>
   <div class='ocr_carea' id='block_1_1' title="bbox 777 360 2086 418">
    <p class='ocr_par' dir='ltr' id='par_1_1' title="bbox 777 360 2086 418">
     <span class='ocr_line' id='line_1_1' title="bbox 777 360 2086 418; baseline 0 -10"><span class='ocrx_word' id='word_1_1' title='bbox 777 375 1046 409; x_wconf 74' lang='lat' dir='ltr'><em>HisromAE</em></span> <span class='ocrx_word' id='word_1_2' title='bbox 1087 374 1473 418; x_wconf 71' lang='lat' dir='ltr'><em>CONT1NUA&#39;rio.</em></span> <span class='ocrx_word' id='word_1_3' title='bbox 1984 360 2086 408; x_wconf 80' lang='lat'><em>119</em></span> 
     </span>
    </p>
   </div>
   <div class='ocr_carea' id='block_1_2' title="bbox 152 500 2087 3019">
    <p class='ocr_par' dir='ltr' id='par_1_2' title="bbox 152 500 2087 2082">
     <span class='ocr_line' id='line_1_2' title="bbox 165 500 2082 566; baseline -0.002 -12"><span class='ocrx_word' id='word_1_4' title='bbox 165 521 301 566; x_wconf 68' lang='lat' dir='ltr'><em>meae,</em></span> <span class='ocrx_word' id='word_1_5' title='bbox 325 503 529 554; x_wconf 78' lang='lat' dir='ltr'><em>dimitto</em></span> <span class='ocrx_word' id='word_1_6' title='bbox 550 504 661 553; x_wconf 92' lang='lat' dir='ltr'><em>Deo</em></span> <span class='ocrx_word' id='word_1_7' title='bbox 688 507 738 553; x_wconf 92' lang='lat' dir='ltr'><em>et</em></span> <span class='ocrx_word' id='word_1_8' title='bbox 763 502 963 553; x_wconf 84' lang='lat' dir='ltr'><em>sanctis</em></span> <span class='ocrx_word' id='word_1_9' title='bbox 983 502 1084 552; x_wconf 91' lang='lat' dir='ltr'><em>Dei</em></span> <span class='ocrx_word' id='word_1_10' title='bbox 1104 501 1373 566; x_wconf 83' lang='lat' dir='ltr'><em>Apostolis</em></span> <span class='ocrx_word' id='word_1_11' title='bbox 1394 501 1555 551; x_wconf 88' lang='lat' dir='ltr'><em>Petro</em></span> <span class='ocrx_word' id='word_1_12' title='bbox 1575 506 1629 551; x_wconf 91' lang='lat' dir='ltr'><em>et</em></span> <span class='ocrx_word' id='word_1_13' title='bbox 1651 500 1837 562; x_wconf 75' lang='lat' dir='ltr'><em>Paulo,</em></span> <span class='ocrx_word' id='word_1_14' title='bbox 1865 506 2082 551; x_wconf 68' lang='lat' dir='ltr'><em>sanctae-</em></span> 
     </span>
     <span class='ocr_line' id='line_1_3' title="bbox 165 572 2082 643; baseline -0.003 -16"><span class='ocrx_word' id='word_1_15' title='bbox 165 594 260 643; x_wconf 78' lang='lat' dir='ltr'><em>que</em></span> <span class='ocrx_word' id='word_1_16' title='bbox 292 576 571 626; x_wconf 75' lang='lat' dir='ltr'><em>Catholicoe</em></span> <span class='ocrx_word' id='word_1_17' title='bbox 597 575 823 625; x_wconf 81' lang='lat' dir='ltr'><em>ecclesioe</em></span> <span class='ocrx_word' id='word_1_18' title='bbox 849 591 1044 624; x_wconf 89' lang='lat' dir='ltr'><em>omnem</em></span> <span class='ocrx_word' id='word_1_19' title='bbox 1070 573 1433 624; x_wconf 74' lang='lat' dir='ltr'><em>investituram</em></span> <span class='ocrx_word' id='word_1_20' title='bbox 1449 590 1552 637; x_wconf 89' lang='lat' dir='ltr'><em>per</em></span> <span class='ocrx_word' id='word_1_21' title='bbox 1577 574 1825 622; x_wconf 92' lang='lat' dir='ltr'><em>annulum</em></span> <span class='ocrx_word' id='word_1_22' title='bbox 1852 577 1901 622; x_wconf 89' lang='lat' dir='ltr'><em>et</em></span> <span class='ocrx_word' id='word_1_23' title='bbox 1928 572 2082 622; x_wconf 87' lang='lat' dir='ltr'><em>bacu-</em></span> 
     </span>
     <span class='ocr_line' id='line_1_4' title="bbox 166 644 2083 711; baseline -0.002 -13"><span class='ocrx_word' id='word_1_24' title='bbox 166 650 287 710; x_wconf 91' lang='lat' dir='ltr'><em>lum,</em></span> <span class='ocrx_word' id='word_1_25' title='bbox 326 653 376 698; x_wconf 86' lang='lat' dir='ltr'><em>et</em></span> <span class='ocrx_word' id='word_1_26' title='bbox 416 647 635 698; x_wconf 89' lang='lat' dir='ltr'><em>concedo</em></span> <span class='ocrx_word' id='word_1_27' title='bbox 674 647 729 696; x_wconf 91' lang='lat' dir='ltr'><em>in</em></span> <span class='ocrx_word' id='word_1_28' title='bbox 764 646 997 697; x_wconf 83' lang='lat' dir='ltr'><em>omnibus</em></span> <span class='ocrx_word' id='word_1_29' title='bbox 1024 645 1254 696; x_wconf 87' lang='lat' dir='ltr'><em>ecclesiis</em></span> <span class='ocrx_word' id='word_1_30' title='bbox 1281 661 1391 711; x_wconf 77' lang='lat' dir='ltr'><em>quoe</em></span> <span class='ocrx_word' id='word_1_31' title='bbox 1416 645 1472 694; x_wconf 92' lang='lat' dir='ltr'><em>in</em></span> <span class='ocrx_word' id='word_1_32' title='bbox 1498 662 1655 711; x_wconf 67' lang='lat' dir='ltr'><em>reyno</em></span> <span class='ocrx_word' id='word_1_33' title='bbox 1682 645 1764 694; x_wconf 83' lang='lat' dir='ltr'><em>vel</em></span> <span class='ocrx_word' id='word_1_34' title='bbox 1787 644 1841 694; x_wconf 91' lang='lat' dir='ltr'><em>in</em></span> <span class='ocrx_word' id='word_1_35' title='bbox 1867 645 2083 709; x_wconf 88' lang='lat' dir='ltr'><em>imperio</em></span> 
     </span>
     <span class='ocr_line' id='line_1_5' title="bbox 163 716 2079 783; baseline -0.003 -13"><span class='ocrx_word' id='word_1_36' title='bbox 163 737 271 770; x_wconf 90' lang='lat' dir='ltr'><em>meo</em></span> <span class='ocrx_word' id='word_1_37' title='bbox 310 725 431 770; x_wconf 92' lang='lat' dir='ltr'><em>sunt</em></span> <span class='ocrx_word' id='word_1_38' title='bbox 469 719 772 770; x_wconf 86' lang='lat' dir='ltr'><em>canonicam</em></span> <span class='ocrx_word' id='word_1_39' title='bbox 799 717 926 783; x_wconf 83' lang='lat' dir='ltr'><em>fieri</em></span> <span class='ocrx_word' id='word_1_40' title='bbox 964 718 1260 768; x_wconf 75' lang='lat' dir='ltr'><em>electionem</em></span> <span class='ocrx_word' id='word_1_41' title='bbox 1298 722 1347 767; x_wconf 88' lang='lat' dir='ltr'><em>et</em></span> <span class='ocrx_word' id='word_1_42' title='bbox 1380 717 1597 766; x_wconf 76' lang='lat' dir='ltr'><em>liberam</em></span> <span class='ocrx_word' id='word_1_43' title='bbox 1624 716 2079 767; x_wconf 88' lang='lat' dir='ltr'><em>consecrationem.</em></span> 
     </span>
     <span class='ocr_line' id='line_1_6' title="bbox 164 788 2083 857; baseline -0.002 -15"><span class='ocrx_word' id='word_1_44' title='bbox 164 792 522 843; x_wconf 88' lang='lat' dir='ltr'><em>Possessiones</em></span> <span class='ocrx_word' id='word_1_45' title='bbox 542 796 591 841; x_wconf 94' lang='lat' dir='ltr'><em>et</em></span> <span class='ocrx_word' id='word_1_46' title='bbox 611 791 813 857; x_wconf 67' lang='lat' dir='ltr'><em>reyalia</em></span> <span class='ocrx_word' id='word_1_47' title='bbox 835 790 972 840; x_wconf 88' lang='lat' dir='ltr'><em>beati</em></span> <span class='ocrx_word' id='word_1_48' title='bbox 994 790 1145 840; x_wconf 87' lang='lat' dir='ltr'><em>Petri</em></span> <span class='ocrx_word' id='word_1_49' title='bbox 1166 806 1275 855; x_wconf 78' lang='lat' dir='ltr'><em>quoe</em></span> <span class='ocrx_word' id='word_1_50' title='bbox 1297 806 1328 838; x_wconf 93' lang='lat' dir='ltr'><em>a</em></span> <span class='ocrx_word' id='word_1_51' title='bbox 1343 788 1611 855; x_wconf 87' lang='lat' dir='ltr'><em>principio</em></span> <span class='ocrx_word' id='word_1_52' title='bbox 1634 789 1787 854; x_wconf 73' lang='lat' dir='ltr'><em>liujus</em></span> <span class='ocrx_word' id='word_1_53' title='bbox 1809 788 2083 838; x_wconf 63' lang='lat' dir='ltr'><em>discordiae</em></span> 
     </span>
     <span class='ocr_line' id='line_1_7' title="bbox 163 860 2081 930; baseline -0.002 -16"><span class='ocrx_word' id='word_1_54' title='bbox 163 882 322 930; x_wconf 79' lang='lat' dir='ltr'><em>usque</em></span> <span class='ocrx_word' id='word_1_55' title='bbox 363 863 667 914; x_wconf 74' lang='lat' dir='ltr'><em>hodiernam</em></span> <span class='ocrx_word' id='word_1_56' title='bbox 708 863 859 923; x_wconf 90' lang='lat' dir='ltr'><em>diem,</em></span> <span class='ocrx_word' id='word_1_57' title='bbox 899 863 1006 912; x_wconf 85' lang='lat' dir='ltr'><em>sive</em></span> <span class='ocrx_word' id='word_1_58' title='bbox 1037 867 1263 928; x_wconf 91' lang='lat' dir='ltr'><em>tempore</em></span> <span class='ocrx_word' id='word_1_59' title='bbox 1293 861 1475 926; x_wconf 83' lang='lat' dir='ltr'><em>patris</em></span> <span class='ocrx_word' id='word_1_60' title='bbox 1500 861 1616 922; x_wconf 90' lang='lat' dir='ltr'><em>mei,</em></span> <span class='ocrx_word' id='word_1_61' title='bbox 1655 861 1762 911; x_wconf 83' lang='lat' dir='ltr'><em>sive</em></span> <span class='ocrx_word' id='word_1_62' title='bbox 1789 860 1945 910; x_wconf 85' lang='lat' dir='ltr'><em>etiam</em></span> <span class='ocrx_word' id='word_1_63' title='bbox 1972 878 2081 910; x_wconf 93' lang='lat' dir='ltr'><em>meo</em></span> 
     </span>
     <span class='ocr_line' id='line_1_8' title="bbox 165 933 2080 1000; baseline -0.002 -14"><span class='ocrx_word' id='word_1_64' title='bbox 165 937 343 986; x_wconf 82' lang='lat' dir='ltr'><em>ablata</em></span> <span class='ocrx_word' id='word_1_65' title='bbox 369 941 507 997; x_wconf 89' lang='lat' dir='ltr'><em>sunt,</em></span> <span class='ocrx_word' id='word_1_66' title='bbox 548 952 657 1000; x_wconf 77' lang='lat' dir='ltr'><em>quoe</em></span> <span class='ocrx_word' id='word_1_67' title='bbox 684 935 861 995; x_wconf 77' lang='lat' dir='ltr'><em>habeo,</em></span> <span class='ocrx_word' id='word_1_68' title='bbox 902 934 1065 984; x_wconf 91' lang='lat' dir='ltr'><em>eidem</em></span> <span class='ocrx_word' id='word_1_69' title='bbox 1091 939 1285 984; x_wconf 76' lang='lat' dir='ltr'><em>sancta&gt;</em></span> <span class='ocrx_word' id='word_1_70' title='bbox 1317 933 1542 984; x_wconf 76' lang='lat' dir='ltr'><em>ecclesioe</em></span> <span class='ocrx_word' id='word_1_71' title='bbox 1568 933 1813 983; x_wconf 78' lang='lat' dir='ltr'><em>Romance</em></span> <span class='ocrx_word' id='word_1_72' title='bbox 1844 933 2080 983; x_wconf 78' lang='lat' dir='ltr'><em>restituo.</em></span> 
     </span>
     <span class='ocr_line' id='line_1_9' title="bbox 171 1004 2081 1071; baseline -0.002 -13"><span class='ocrx_word' id='word_1_73' title='bbox 171 1009 291 1067; x_wconf 76' lang='lat' dir='ltr'><em>Quoe</em></span> <span class='ocrx_word' id='word_1_74' title='bbox 319 1013 489 1058; x_wconf 89' lang='lat' dir='ltr'><em>autem</em></span> <span class='ocrx_word' id='word_1_75' title='bbox 520 1025 621 1058; x_wconf 91' lang='lat' dir='ltr'><em>non</em></span> <span class='ocrx_word' id='word_1_76' title='bbox 656 1007 832 1068; x_wconf 70' lang='lat' dir='ltr'><em>liabeo,</em></span> <span class='ocrx_word' id='word_1_77' title='bbox 874 1011 931 1056; x_wconf 89' lang='lat' dir='ltr'><em>ut</em></span> <span class='ocrx_word' id='word_1_78' title='bbox 957 1006 1307 1056; x_wconf 87' lang='lat' dir='ltr'><em>restituantur</em></span> <span class='ocrx_word' id='word_1_79' title='bbox 1321 1004 1558 1070; x_wconf 86' lang='lat' dir='ltr'><em>fideliter</em></span> <span class='ocrx_word' id='word_1_80' title='bbox 1568 1005 1787 1071; x_wconf 82' lang='lat' dir='ltr'><em>juvabo.</em></span> <span class='ocrx_word' id='word_1_81' title='bbox 1866 1005 2081 1055; x_wconf 89' lang='lat' dir='ltr'><em>Posses-</em></span> 
     </span>
     <span class='ocr_line' id='line_1_10' title="bbox 162 1077 2081 1143; baseline -0.003 -12"><span class='ocrx_word' id='word_1_82' title='bbox 162 1081 332 1131; x_wconf 87' lang='lat' dir='ltr'><em>siones</em></span> <span class='ocrx_word' id='word_1_83' title='bbox 358 1080 515 1130; x_wconf 90' lang='lat' dir='ltr'><em>etiam</em></span> <span class='ocrx_word' id='word_1_84' title='bbox 543 1079 766 1130; x_wconf 89' lang='lat' dir='ltr'><em>omnium</em></span> <span class='ocrx_word' id='word_1_85' title='bbox 794 1078 1020 1129; x_wconf 91' lang='lat' dir='ltr'><em>aliarum</em></span> <span class='ocrx_word' id='word_1_86' title='bbox 1056 1079 1391 1128; x_wconf 85' lang='lat' dir='ltr'><em>ecclesiarum</em></span> <span class='ocrx_word' id='word_1_87' title='bbox 1423 1083 1472 1128; x_wconf 93' lang='lat' dir='ltr'><em>et</em></span> <span class='ocrx_word' id='word_1_88' title='bbox 1500 1078 1822 1143; x_wconf 73' lang='lat' dir='ltr'><em>principum,</em></span> <span class='ocrx_word' id='word_1_89' title='bbox 1863 1082 1912 1128; x_wconf 87' lang='lat' dir='ltr'><em>et</em></span> <span class='ocrx_word' id='word_1_90' title='bbox 1952 1077 2081 1126; x_wconf 91' lang='lat' dir='ltr'><em>alio-</em></span> 
     </span>
     <span class='ocr_line' id='line_1_11' title="bbox 161 1150 2085 1217; baseline -0.002 -14"><span class='ocrx_word' id='word_1_91' title='bbox 161 1170 277 1203; x_wconf 87' lang='lat' dir='ltr'><em>rum</em></span> <span class='ocrx_word' id='word_1_92' title='bbox 316 1157 424 1203; x_wconf 88' lang='lat' dir='ltr'><em>tam</em></span> <span class='ocrx_word' id='word_1_93' title='bbox 463 1152 767 1202; x_wconf 86' lang='lat' dir='ltr'><em>clericorum</em></span> <span class='ocrx_word' id='word_1_94' title='bbox 807 1169 960 1217; x_wconf 77' lang='lat' dir='ltr'><em>quam</em></span> <span class='ocrx_word' id='word_1_95' title='bbox 999 1151 1269 1212; x_wconf 87' lang='lat' dir='ltr'><em>laicorum,</em></span> <span class='ocrx_word' id='word_1_96' title='bbox 1311 1166 1420 1216; x_wconf 77' lang='lat' dir='ltr'><em>quoe</em></span> <span class='ocrx_word' id='word_1_97' title='bbox 1454 1150 1510 1200; x_wconf 91' lang='lat' dir='ltr'><em>in</em></span> <span class='ocrx_word' id='word_1_98' title='bbox 1540 1167 1710 1200; x_wconf 85' lang='lat' dir='ltr'><em>werra</em></span> <span class='ocrx_word' id='word_1_99' title='bbox 1741 1150 1847 1200; x_wconf 86' lang='lat' dir='ltr'><em>ista</em></span> <span class='ocrx_word' id='word_1_100' title='bbox 1883 1150 2085 1199; x_wconf 66' lang='lat' dir='ltr'><em>amissae</em></span> 
     </span>
     <span class='ocr_line' id='line_1_12' title="bbox 162 1222 2085 1289; baseline -0.002 -14"><span class='ocrx_word' id='word_1_101' title='bbox 162 1230 298 1285; x_wconf 91' lang='lat' dir='ltr'><em>sunt,</em></span> <span class='ocrx_word' id='word_1_102' title='bbox 328 1224 541 1275; x_wconf 89' lang='lat' dir='ltr'><em>consilio</em></span> <span class='ocrx_word' id='word_1_103' title='bbox 558 1224 860 1289; x_wconf 74' lang='lat' dir='ltr'><em>principum</em></span> <span class='ocrx_word' id='word_1_104' title='bbox 887 1224 967 1273; x_wconf 82' lang='lat' dir='ltr'><em>vel</em></span> <span class='ocrx_word' id='word_1_105' title='bbox 976 1223 1215 1288; x_wconf 85' lang='lat' dir='ltr'><em>justitia,</em></span> <span class='ocrx_word' id='word_1_106' title='bbox 1244 1240 1354 1288; x_wconf 75' lang='lat' dir='ltr'><em>quoe</em></span> <span class='ocrx_word' id='word_1_107' title='bbox 1382 1222 1541 1272; x_wconf 71' lang='lat' dir='ltr'><em>liabeo</em></span> <span class='ocrx_word' id='word_1_108' title='bbox 1568 1222 1803 1284; x_wconf 78' lang='lat' dir='ltr'><em>reddam,</em></span> <span class='ocrx_word' id='word_1_109' title='bbox 1846 1239 1956 1288; x_wconf 76' lang='lat' dir='ltr'><em>quoe</em></span> <span class='ocrx_word' id='word_1_110' title='bbox 1983 1239 2085 1272; x_wconf 89' lang='lat' dir='ltr'><em>non</em></span> 
     </span>
     <span class='ocr_line' id='line_1_13' title="bbox 163 1294 2082 1361; baseline -0.001 -15"><span class='ocrx_word' id='word_1_111' title='bbox 163 1297 322 1347; x_wconf 72' lang='lat' dir='ltr'><em>liabeo</em></span> <span class='ocrx_word' id='word_1_112' title='bbox 349 1302 407 1347; x_wconf 88' lang='lat' dir='ltr'><em>ut</em></span> <span class='ocrx_word' id='word_1_113' title='bbox 432 1296 724 1346; x_wconf 87' lang='lat' dir='ltr'><em>reddantur</em></span> <span class='ocrx_word' id='word_1_114' title='bbox 752 1294 988 1360; x_wconf 87' lang='lat' dir='ltr'><em>fideliter</em></span> <span class='ocrx_word' id='word_1_115' title='bbox 1004 1295 1221 1361; x_wconf 83' lang='lat' dir='ltr'><em>juvabo.</em></span> <span class='ocrx_word' id='word_1_116' title='bbox 1298 1294 1374 1344; x_wconf 91' lang='lat' dir='ltr'><em>Et</em></span> <span class='ocrx_word' id='word_1_117' title='bbox 1399 1294 1463 1344; x_wconf 93' lang='lat' dir='ltr'><em>do</em></span> <span class='ocrx_word' id='word_1_118' title='bbox 1489 1312 1666 1345; x_wconf 85' lang='lat' dir='ltr'><em>veram</em></span> <span class='ocrx_word' id='word_1_119' title='bbox 1681 1311 1871 1360; x_wconf 90' lang='lat' dir='ltr'><em>pacem</em></span> <span class='ocrx_word' id='word_1_120' title='bbox 1899 1294 2082 1345; x_wconf 90' lang='lat' dir='ltr'><em>domno</em></span> 
     </span>
     <span class='ocr_line' id='line_1_14' title="bbox 153 1366 2086 1434; baseline -0.002 -15"><span class='ocrx_word' id='word_1_121' title='bbox 153 1386 310 1434; x_wconf 66' lang='lat' dir='ltr'><em>papae</em></span> <span class='ocrx_word' id='word_1_122' title='bbox 349 1368 589 1431; x_wconf 68' lang='lat' dir='ltr'><em>Kalia‘to,</em></span> <span class='ocrx_word' id='word_1_123' title='bbox 642 1373 691 1418; x_wconf 92' lang='lat' dir='ltr'><em>et</em></span> <span class='ocrx_word' id='word_1_124' title='bbox 731 1372 925 1418; x_wconf 66' lang='lat' dir='ltr'><em>sanctae</em></span> <span class='ocrx_word' id='word_1_125' title='bbox 965 1367 1211 1417; x_wconf 81' lang='lat' dir='ltr'><em>Romance</em></span> <span class='ocrx_word' id='word_1_126' title='bbox 1250 1366 1490 1428; x_wconf 66' lang='lat' dir='ltr'><em>ecclesiae,</em></span> <span class='ocrx_word' id='word_1_127' title='bbox 1537 1372 1587 1417; x_wconf 90' lang='lat' dir='ltr'><em>et</em></span> <span class='ocrx_word' id='word_1_128' title='bbox 1625 1367 1857 1416; x_wconf 84' lang='lat' dir='ltr'><em>omnibus</em></span> <span class='ocrx_word' id='word_1_129' title='bbox 1898 1367 1986 1431; x_wconf 75' lang='lat' dir='ltr'><em>qui</em></span> <span class='ocrx_word' id='word_1_130' title='bbox 2030 1367 2086 1416; x_wconf 89' lang='lat' dir='ltr'><em>in</em></span> 
     </span>
     <span class='ocr_line' id='line_1_15' title="bbox 152 1438 2084 1506; baseline -0.001 -16"><span class='ocrx_word' id='word_1_131' title='bbox 152 1447 313 1506; x_wconf 87' lang='lat' dir='ltr'><em>parte</em></span> <span class='ocrx_word' id='word_1_132' title='bbox 338 1441 502 1506; x_wconf 85' lang='lat' dir='ltr'><em>ipsius</em></span> <span class='ocrx_word' id='word_1_133' title='bbox 527 1445 648 1491; x_wconf 89' lang='lat' dir='ltr'><em>sunt</em></span> <span class='ocrx_word' id='word_1_134' title='bbox 673 1440 754 1490; x_wconf 84' lang='lat' dir='ltr'><em>vel</em></span> <span class='ocrx_word' id='word_1_135' title='bbox 764 1438 1007 1504; x_wconf 87' lang='lat' dir='ltr'><em>fuerunt,</em></span> <span class='ocrx_word' id='word_1_136' title='bbox 1035 1444 1085 1489; x_wconf 89' lang='lat' dir='ltr'><em>et</em></span> <span class='ocrx_word' id='word_1_137' title='bbox 1111 1440 1165 1489; x_wconf 85' lang='lat' dir='ltr'><em>in</em></span> <span class='ocrx_word' id='word_1_138' title='bbox 1192 1438 1375 1505; x_wconf 80' lang='lat' dir='ltr'><em>quibus</em></span> <span class='ocrx_word' id='word_1_139' title='bbox 1394 1444 1580 1489; x_wconf 90' lang='lat' dir='ltr'><em>sancta</em></span> <span class='ocrx_word' id='word_1_140' title='bbox 1600 1439 1839 1488; x_wconf 87' lang='lat' dir='ltr'><em>Romana</em></span> <span class='ocrx_word' id='word_1_141' title='bbox 1867 1439 2084 1489; x_wconf 90' lang='lat' dir='ltr'><em>ecclesia</em></span> 
     </span>
     <span class='ocr_line' id='line_1_16' title="bbox 165 1509 2087 1578; baseline -0.001 -16"><span class='ocrx_word' id='word_1_142' title='bbox 165 1513 420 1563; x_wconf 71' lang='lat' dir='ltr'><em>aua’ilium</em></span> <span class='ocrx_word' id='word_1_143' title='bbox 437 1512 789 1578; x_wconf 81' lang='lat' dir='ltr'><em>postulaverit</em></span> <span class='ocrx_word' id='word_1_144' title='bbox 802 1511 1039 1575; x_wconf 85' lang='lat' dir='ltr'><em>fideliter</em></span> <span class='ocrx_word' id='word_1_145' title='bbox 1050 1512 1268 1577; x_wconf 81' lang='lat' dir='ltr'><em>juvabo.</em></span> <span class='ocrx_word' id='word_1_146' title='bbox 1346 1510 1423 1561; x_wconf 90' lang='lat' dir='ltr'><em>Et</em></span> <span class='ocrx_word' id='word_1_147' title='bbox 1451 1510 1512 1560; x_wconf 91' lang='lat' dir='ltr'><em>de</em></span> <span class='ocrx_word' id='word_1_148' title='bbox 1540 1511 1723 1576; x_wconf 80' lang='lat' dir='ltr'><em>quibus</em></span> <span class='ocrx_word' id='word_1_149' title='bbox 1749 1511 1876 1560; x_wconf 73' lang='lat' dir='ltr'><em>mihi</em></span> <span class='ocrx_word' id='word_1_150' title='bbox 1890 1509 2087 1575; x_wconf 86' lang='lat' dir='ltr'><em>fecerit</em></span> 
     </span>
     <span class='ocr_line' id='line_1_17' title="bbox 164 1581 2085 1650; baseline -0.002 -16"><span class='ocrx_word' id='word_1_151' title='bbox 164 1585 552 1650; x_wconf 80' lang='lat' dir='ltr'><em>querimoniam,</em></span> <span class='ocrx_word' id='word_1_152' title='bbox 595 1584 820 1634; x_wconf 86' lang='lat' dir='ltr'><em>debitam</em></span> <span class='ocrx_word' id='word_1_153' title='bbox 854 1584 955 1632; x_wconf 83' lang='lat' dir='ltr'><em>sibi</em></span> <span class='ocrx_word' id='word_1_154' title='bbox 978 1583 1249 1648; x_wconf 82' lang='lat' dir='ltr'><em>justitiam</em></span> <span class='ocrx_word' id='word_1_155' title='bbox 1274 1581 1499 1647; x_wconf 84' lang='lat' dir='ltr'><em>faciam.</em></span> <span class='ocrx_word' id='word_1_156' title='bbox 1576 1582 1704 1632; x_wconf 75' lang='lat' dir='ltr'><em>Hcec</em></span> <span class='ocrx_word' id='word_1_157' title='bbox 1750 1583 1921 1632; x_wconf 89' lang='lat' dir='ltr'><em>omnia</em></span> <span class='ocrx_word' id='word_1_158' title='bbox 1964 1588 2085 1633; x_wconf 89' lang='lat' dir='ltr'><em>acta</em></span> 
     </span>
     <span class='ocr_line' id='line_1_18' title="bbox 162 1654 2085 1720; baseline -0.001 -14"><span class='ocrx_word' id='word_1_159' title='bbox 162 1663 282 1707; x_wconf 90' lang='lat' dir='ltr'><em>sunt</em></span> <span class='ocrx_word' id='word_1_160' title='bbox 325 1673 572 1707; x_wconf 87' lang='lat' dir='ltr'><em>consensu</em></span> <span class='ocrx_word' id='word_1_161' title='bbox 611 1661 661 1705; x_wconf 91' lang='lat' dir='ltr'><em>et</em></span> <span class='ocrx_word' id='word_1_162' title='bbox 700 1655 913 1705; x_wconf 87' lang='lat' dir='ltr'><em>consilio</em></span> <span class='ocrx_word' id='word_1_163' title='bbox 943 1655 1244 1720; x_wconf 85' lang='lat' dir='ltr'><em>principum</em></span> <span class='ocrx_word' id='word_1_164' title='bbox 1285 1671 1500 1719; x_wconf 81' lang='lat' dir='ltr'><em>quorum</em></span> <span class='ocrx_word' id='word_1_165' title='bbox 1539 1654 1748 1704; x_wconf 88' lang='lat' dir='ltr'><em>nomina</em></span> <span class='ocrx_word' id='word_1_166' title='bbox 1787 1654 2085 1720; x_wconf 83' lang='lat' dir='ltr'><em>subscripta</em></span> 
     </span>
     <span class='ocr_line' id='line_1_19' title="bbox 161 1726 2085 1793; baseline -0.002 -14"><span class='ocrx_word' id='word_1_167' title='bbox 161 1734 314 1786; x_wconf 88' lang='lat' dir='ltr'><em>sunt;</em></span> <span class='ocrx_word' id='word_1_168' title='bbox 355 1728 561 1778; x_wconf 84' lang='lat' dir='ltr'><em>Alberti</em></span> <span class='ocrx_word' id='word_1_169' title='bbox 599 1726 985 1793; x_wconf 62' lang='lat' dir='ltr'><em>M&#39;oyuntiensis</em></span> <span class='ocrx_word' id='word_1_170' title='bbox 1021 1726 1417 1791; x_wconf 72' lang='lat' dir='ltr'><em>archiepiscopi,</em></span> <span class='ocrx_word' id='word_1_171' title='bbox 1458 1726 1726 1776; x_wconf 87' lang='lat' dir='ltr'><em>Frederici</em></span> <span class='ocrx_word' id='word_1_172' title='bbox 1768 1726 2085 1776; x_wconf 86' lang='lat' dir='ltr'><em>Coloniensis</em></span> 
     </span>
     <span class='ocr_line' id='line_1_20' title="bbox 161 1798 2086 1866; baseline 0 -17"><span class='ocrx_word' id='word_1_173' title='bbox 161 1800 556 1866; x_wconf 74' lang='lat' dir='ltr'><em>archiepiscopi,</em></span> <span class='ocrx_word' id='word_1_174' title='bbox 585 1799 850 1849; x_wconf 89' lang='lat' dir='ltr'><em>Brunonis</em></span> <span class='ocrx_word' id='word_1_175' title='bbox 876 1799 1203 1849; x_wconf 83' lang='lat' dir='ltr'><em>Treverensis</em></span> <span class='ocrx_word' id='word_1_176' title='bbox 1230 1798 1626 1864; x_wconf 71' lang='lat' dir='ltr'><em>archiepiscopi,</em></span> <span class='ocrx_word' id='word_1_177' title='bbox 1654 1798 1884 1848; x_wconf 82' lang='lat' dir='ltr'><em>Ardvini</em></span> <span class='ocrx_word' id='word_1_178' title='bbox 1904 1798 2086 1849; x_wconf 89' lang='lat' dir='ltr'><em>Ratis-</em></span> 
     </span>
     <span class='ocr_line' id='line_1_21' title="bbox 162 1870 2087 1938; baseline -0.001 -15"><span class='ocrx_word' id='word_1_179' title='bbox 162 1872 398 1923; x_wconf 85' lang='lat' dir='ltr'><em>bonensis</em></span> <span class='ocrx_word' id='word_1_180' title='bbox 448 1872 691 1938; x_wconf 86' lang='lat' dir='ltr'><em>episcopi,</em></span> <span class='ocrx_word' id='word_1_181' title='bbox 751 1871 959 1921; x_wconf 89' lang='lat' dir='ltr'><em>Ottonis</em></span> <span class='ocrx_word' id='word_1_182' title='bbox 1002 1871 1475 1936; x_wconf 68' lang='lat' dir='ltr'><em>Banemburyensis</em></span> <span class='ocrx_word' id='word_1_183' title='bbox 1526 1870 1772 1937; x_wconf 82' lang='lat' dir='ltr'><em>episcopi,</em></span> <span class='ocrx_word' id='word_1_184' title='bbox 1818 1871 2087 1921; x_wconf 90' lang='lat' dir='ltr'><em>Brunonis</em></span> 
     </span>
     <span class='ocr_line' id='line_1_22' title="bbox 162 1942 2084 2010; baseline 0.001 -17"><span class='ocrx_word' id='word_1_185' title='bbox 162 1945 427 2010; x_wconf 83' lang='lat' dir='ltr'><em>Spirensis</em></span> <span class='ocrx_word' id='word_1_186' title='bbox 465 1944 708 2009; x_wconf 79' lang='lat' dir='ltr'><em>episcopi,</em></span> <span class='ocrx_word' id='word_1_187' title='bbox 749 1948 799 1994; x_wconf 92' lang='lat' dir='ltr'><em>et</em></span> <span class='ocrx_word' id='word_1_188' title='bbox 835 1944 952 1993; x_wconf 76' lang='lat' dir='ltr'><em>alioe</em></span> <span class='ocrx_word' id='word_1_189' title='bbox 984 1944 1155 1994; x_wconf 68' lang='lat' dir='ltr'><em>multoe</em></span> <span class='ocrx_word' id='word_1_190' title='bbox 1182 1942 1548 1993; x_wconf 61' lang='lat' dir='ltr'><em>ecclesiasticae</em></span> <span class='ocrx_word' id='word_1_191' title='bbox 1565 1960 1805 2008; x_wconf 61' lang='lat' dir='ltr'><em>persona?</em></span> <span class='ocrx_word' id='word_1_192' title='bbox 1833 1960 1896 1994; x_wconf 91' lang='lat' dir='ltr'><em>ac</em></span> <span class='ocrx_word' id='word_1_193' title='bbox 1922 1961 2084 1994; x_wconf 68' lang='lat' dir='ltr'><em>soecu-</em></span> 
     </span>
     <span class='ocr_line' id='line_1_23' title="bbox 163 2015 580 2082; baseline 0 -17"><span class='ocrx_word' id='word_1_194' title='bbox 163 2017 316 2067; x_wconf 89' lang='lat' dir='ltr'><em>lares.</em></span> <span class='ocrx_word' id='word_1_195' title='bbox 403 2015 580 2082; x_wconf 50' lang='lat' dir='ltr'><em>(Sicw</em></span> 
     </span>
    </p>

    <p class='ocr_par' dir='ltr' id='par_1_3' title="bbox 160 2085 2085 2441">
     <span class='ocr_line' id='line_1_24' title="bbox 272 2085 2082 2154; baseline -0.001 -16"><span class='ocrx_word' id='word_1_196' title='bbox 272 2089 391 2139; x_wconf 90' lang='lat' dir='ltr'><em>Hac</em></span> <span class='ocrx_word' id='word_1_197' title='bbox 419 2087 701 2138; x_wconf 83' lang='lat' dir='ltr'><em>concordia</em></span> <span class='ocrx_word' id='word_1_198' title='bbox 725 2105 819 2154; x_wconf 91' lang='lat' dir='ltr'><em>per</em></span> <span class='ocrx_word' id='word_1_199' title='bbox 846 2092 1033 2153; x_wconf 78' lang='lat' dir='ltr'><em>gentes</em></span> <span class='ocrx_word' id='word_1_200' title='bbox 1060 2093 1113 2138; x_wconf 87' lang='lat' dir='ltr'><em>et</em></span> <span class='ocrx_word' id='word_1_201' title='bbox 1141 2086 1363 2154; x_wconf 88' lang='lat' dir='ltr'><em>populos</em></span> <span class='ocrx_word' id='word_1_202' title='bbox 1391 2085 1587 2154; x_wconf 90' lang='lat' dir='ltr'><em>ubique</em></span> <span class='ocrx_word' id='word_1_203' title='bbox 1624 2086 1916 2153; x_wconf 80' lang='lat' dir='ltr'><em>divulgata,</em></span> <span class='ocrx_word' id='word_1_204' title='bbox 1956 2087 2082 2137; x_wconf 88' lang='lat' dir='ltr'><em>mit-</em></span> 
     </span>
     <span class='ocr_line' id='line_1_25' title="bbox 160 2158 2077 2226; baseline 0 -16"><span class='ocrx_word' id='word_1_205' title='bbox 160 2165 351 2211; x_wconf 85' lang='lat' dir='ltr'><em>tuntur</em></span> <span class='ocrx_word' id='word_1_206' title='bbox 389 2160 551 2211; x_wconf 89' lang='lat' dir='ltr'><em>etiam</em></span> <span class='ocrx_word' id='word_1_207' title='bbox 581 2159 777 2210; x_wconf 79' lang='lat' dir='ltr'><em>litterae</em></span> <span class='ocrx_word' id='word_1_208' title='bbox 814 2159 879 2209; x_wconf 90' lang='lat' dir='ltr'><em>ab</em></span> <span class='ocrx_word' id='word_1_209' title='bbox 907 2159 1218 2226; x_wconf 85' lang='lat' dir='ltr'><em>Apostolico</em></span> <span class='ocrx_word' id='word_1_210' title='bbox 1254 2158 1503 2209; x_wconf 87' lang='lat' dir='ltr'><em>omnibus</em></span> <span class='ocrx_word' id='word_1_211' title='bbox 1541 2158 1951 2226; x_wconf 78' lang='lat' dir='ltr'><em>archiepiscopis</em></span> <span class='ocrx_word' id='word_1_212' title='bbox 1987 2160 2077 2225; x_wconf 87' lang='lat' dir='ltr'><em>(et)</em></span> 
     </span>
     <span class='ocr_line' id='line_1_26' title="bbox 162 2230 2085 2299; baseline -0.001 -16"><span class='ocrx_word' id='word_1_213' title='bbox 162 2232 421 2299; x_wconf 87' lang='lat' dir='ltr'><em>episcopis</em></span> <span class='ocrx_word' id='word_1_214' title='bbox 447 2250 540 2298; x_wconf 90' lang='lat' dir='ltr'><em>per</em></span> <span class='ocrx_word' id='word_1_215' title='bbox 563 2232 808 2298; x_wconf 75' lang='lat' dir='ltr'><em>regiones</em></span> <span class='ocrx_word' id='word_1_216' title='bbox 837 2237 889 2282; x_wconf 88' lang='lat' dir='ltr'><em>et</em></span> <span class='ocrx_word' id='word_1_217' title='bbox 916 2231 1231 2298; x_wconf 83' lang='lat' dir='ltr'><em>provincias,</em></span> <span class='ocrx_word' id='word_1_218' title='bbox 1272 2236 1350 2292; x_wconf 88' lang='lat' dir='ltr'><em>ut,</em></span> <span class='ocrx_word' id='word_1_219' title='bbox 1379 2230 1528 2280; x_wconf 90' lang='lat' dir='ltr'><em>omni</em></span> <span class='ocrx_word' id='word_1_220' title='bbox 1563 2230 1903 2281; x_wconf 83' lang='lat' dir='ltr'><em>excusatione</em></span> <span class='ocrx_word' id='word_1_221' title='bbox 1942 2238 2085 2298; x_wconf 89' lang='lat' dir='ltr'><em>post-</em></span> 
     </span>
     <span class='ocr_line' id='line_1_27' title="bbox 161 2302 2085 2371; baseline -0.001 -17"><span class='ocrx_word' id='word_1_222' title='bbox 161 2305 349 2371; x_wconf 88' lang='lat' dir='ltr'><em>posita,</em></span> <span class='ocrx_word' id='word_1_223' title='bbox 389 2304 647 2354; x_wconf 71' lang='lat' dir='ltr'><em>festinent</em></span> <span class='ocrx_word' id='word_1_224' title='bbox 682 2321 956 2353; x_wconf 89' lang='lat' dir='ltr'><em>occurrere</em></span> <span class='ocrx_word' id='word_1_225' title='bbox 985 2303 1051 2353; x_wconf 86' lang='lat' dir='ltr'><em>ad</em></span> <span class='ocrx_word' id='word_1_226' title='bbox 1078 2303 1364 2353; x_wconf 89' lang='lat' dir='ltr'><em>concilium</em></span> <span class='ocrx_word' id='word_1_227' title='bbox 1390 2302 1530 2369; x_wconf 85' lang='lat' dir='ltr'><em>quod</em></span> <span class='ocrx_word' id='word_1_228' title='bbox 1559 2302 1786 2352; x_wconf 87' lang='lat' dir='ltr'><em>domnus</em></span> <span class='ocrx_word' id='word_1_229' title='bbox 1814 2303 2085 2370; x_wconf 88' lang='lat' dir='ltr'><em>Apostoli-</em></span> 
     </span>
     <span class='ocr_line' id='line_1_28' title="bbox 163 2374 1469 2441; baseline -0.002 -15"><span class='ocrx_word' id='word_1_230' title='bbox 163 2394 255 2426; x_wconf 90' lang='lat' dir='ltr'><em>cus</em></span> <span class='ocrx_word' id='word_1_231' title='bbox 283 2377 469 2427; x_wconf 79' lang='lat' dir='ltr'><em>Romae</em></span> <span class='ocrx_word' id='word_1_232' title='bbox 497 2375 857 2426; x_wconf 74' lang='lat' dir='ltr'><em>celebraturus</em></span> <span class='ocrx_word' id='word_1_233' title='bbox 885 2381 998 2425; x_wconf 87' lang='lat' dir='ltr'><em>erat</em></span> <span class='ocrx_word' id='word_1_234' title='bbox 1025 2393 1090 2425; x_wconf 86' lang='lat' dir='ltr'><em>xv</em></span> <span class='ocrx_word' id='word_1_235' title='bbox 1115 2375 1222 2424; x_wconf 86' lang='lat' dir='ltr'><em>kal.</em></span> <span class='ocrx_word' id='word_1_236' title='bbox 1252 2374 1469 2441; x_wconf 87' lang='lat' dir='ltr'><em>Aprilis.</em></span> 
     </span>
    </p>

    <p class='ocr_par' dir='ltr' id='par_1_4' title="bbox 161 2446 2086 2947">
     <span class='ocr_line' id='line_1_29' title="bbox 275 2446 2084 2513; baseline -0.001 -15"><span class='ocrx_word' id='word_1_237' title='bbox 275 2449 394 2498; x_wconf 90' lang='lat' dir='ltr'><em>Hoc</em></span> <span class='ocrx_word' id='word_1_238' title='bbox 423 2465 561 2497; x_wconf 88' lang='lat' dir='ltr'><em>anno</em></span> <span class='ocrx_word' id='word_1_239' title='bbox 595 2465 688 2497; x_wconf 83' lang='lat' dir='ltr'><em>rex</em></span> <span class='ocrx_word' id='word_1_240' title='bbox 726 2447 1011 2508; x_wconf 88' lang='lat' dir='ltr'><em>Henricus,</em></span> <span class='ocrx_word' id='word_1_241' title='bbox 1047 2453 1167 2513; x_wconf 89' lang='lat' dir='ltr'><em>post</em></span> <span class='ocrx_word' id='word_1_242' title='bbox 1194 2446 1390 2497; x_wconf 85' lang='lat' dir='ltr'><em>festum</em></span> <span class='ocrx_word' id='word_1_243' title='bbox 1420 2446 1604 2496; x_wconf 85' lang='lat' dir='ltr'><em>Sancti</em></span> <span class='ocrx_word' id='word_1_244' title='bbox 1631 2446 1915 2497; x_wconf 84' lang='lat' dir='ltr'><em>Michaelis</em></span> <span class='ocrx_word' id='word_1_245' title='bbox 1940 2446 2084 2497; x_wconf 90' lang='lat' dir='ltr'><em>Nor-</em></span> 
     </span>
     <span class='ocr_line' id='line_1_30' title="bbox 161 2518 2086 2587; baseline 0 -17"><span class='ocrx_word' id='word_1_246' title='bbox 161 2520 512 2587; x_wconf 81' lang='lat' dir='ltr'><em>thymbranas</em></span> <span class='ocrx_word' id='word_1_247' title='bbox 550 2519 759 2569; x_wconf 85' lang='lat' dir='ltr'><em>intrans</em></span> <span class='ocrx_word' id='word_1_248' title='bbox 797 2518 1060 2585; x_wconf 81' lang='lat' dir='ltr'><em>regiones,</em></span> <span class='ocrx_word' id='word_1_249' title='bbox 1102 2518 1168 2569; x_wconf 89' lang='lat' dir='ltr'><em>ab</em></span> <span class='ocrx_word' id='word_1_250' title='bbox 1203 2518 1446 2568; x_wconf 84' lang='lat' dir='ltr'><em>Eboraco</em></span> <span class='ocrx_word' id='word_1_251' title='bbox 1483 2518 1700 2569; x_wconf 83' lang='lat' dir='ltr'><em>divertit</em></span> <span class='ocrx_word' id='word_1_252' title='bbox 1727 2536 1908 2569; x_wconf 88' lang='lat' dir='ltr'><em>versus</em></span> <span class='ocrx_word' id='word_1_253' title='bbox 1939 2538 2086 2571; x_wconf 85' lang='lat' dir='ltr'><em>mare</em></span> 
     </span>
     <span class='ocr_line' id='line_1_31' title="bbox 163 2590 2084 2657; baseline 0 -15"><span class='ocrx_word' id='word_1_254' title='bbox 163 2591 507 2653; x_wconf 85' lang='lat' dir='ltr'><em>occidentale,</em></span> <span class='ocrx_word' id='word_1_255' title='bbox 537 2591 969 2641; x_wconf 82' lang='lat' dir='ltr'><em>consideraturus</em></span> <span class='ocrx_word' id='word_1_256' title='bbox 997 2590 1267 2640; x_wconf 85' lang='lat' dir='ltr'><em>civitatem</em></span> <span class='ocrx_word' id='word_1_257' title='bbox 1297 2591 1573 2657; x_wconf 84' lang='lat' dir='ltr'><em>antiquam</em></span> <span class='ocrx_word' id='word_1_258' title='bbox 1594 2608 1711 2656; x_wconf 82' lang='lat' dir='ltr'><em>quae</em></span> <span class='ocrx_word' id='word_1_259' title='bbox 1731 2591 1919 2657; x_wconf 82' lang='lat' dir='ltr'><em>lingua</em></span> <span class='ocrx_word' id='word_1_260' title='bbox 1940 2592 2084 2642; x_wconf 84' lang='lat' dir='ltr'><em>Brit-</em></span> 
     </span>
     <span class='ocr_line' id='line_1_32' title="bbox 161 2662 2085 2729; baseline 0 -15"><span class='ocrx_word' id='word_1_261' title='bbox 161 2670 350 2714; x_wconf 80' lang='lat' dir='ltr'><em>tonum</em></span> <span class='ocrx_word' id='word_1_262' title='bbox 393 2663 589 2713; x_wconf 83' lang='lat' dir='ltr'><em>Cairlel</em></span> <span class='ocrx_word' id='word_1_263' title='bbox 621 2663 834 2725; x_wconf 86' lang='lat' dir='ltr'><em>dicitur,</em></span> <span class='ocrx_word' id='word_1_264' title='bbox 872 2681 990 2729; x_wconf 81' lang='lat' dir='ltr'><em>quae</em></span> <span class='ocrx_word' id='word_1_265' title='bbox 1021 2680 1165 2713; x_wconf 91' lang='lat' dir='ltr'><em>nunc</em></span> <span class='ocrx_word' id='word_1_266' title='bbox 1206 2662 1415 2713; x_wconf 83' lang='lat' dir='ltr'><em>Carleol</em></span> <span class='ocrx_word' id='word_1_267' title='bbox 1454 2662 1700 2728; x_wconf 83' lang='lat' dir='ltr'><em>Anglice,</em></span> <span class='ocrx_word' id='word_1_268' title='bbox 1743 2663 1936 2714; x_wconf 85' lang='lat' dir='ltr'><em>Latine</em></span> <span class='ocrx_word' id='word_1_269' title='bbox 1962 2682 2085 2714; x_wconf 84' lang='lat' dir='ltr'><em>vcro</em></span> 
     </span>
     <span class='ocr_line' id='line_1_33' title="bbox 162 2734 2083 2802; baseline 0 -16"><span class='ocrx_word' id='word_1_270' title='bbox 162 2736 467 2802; x_wconf 81' lang='lat' dir='ltr'><em>Lugubalia</em></span> <span class='ocrx_word' id='word_1_271' title='bbox 508 2735 821 2802; x_wconf 84' lang='lat' dir='ltr'><em>appellatur,</em></span> <span class='ocrx_word' id='word_1_272' title='bbox 865 2753 1025 2802; x_wconf 88' lang='lat' dir='ltr'><em>quam</em></span> <span class='ocrx_word' id='word_1_273' title='bbox 1067 2735 1191 2785; x_wconf 89' lang='lat' dir='ltr'><em>data</em></span> <span class='ocrx_word' id='word_1_274' title='bbox 1228 2734 1454 2801; x_wconf 86' lang='lat' dir='ltr'><em>pecunia</em></span> <span class='ocrx_word' id='word_1_275' title='bbox 1493 2735 1712 2785; x_wconf 87' lang='lat' dir='ltr'><em>castello</em></span> <span class='ocrx_word' id='word_1_276' title='bbox 1753 2741 1806 2785; x_wconf 86' lang='lat' dir='ltr'><em>et</em></span> <span class='ocrx_word' id='word_1_277' title='bbox 1844 2736 2083 2786; x_wconf 83' lang='lat' dir='ltr'><em>turribus</em></span> 
     </span>
     <span class='ocr_line' id='line_1_34' title="bbox 161 2806 2084 2875; baseline 0 -17"><span class='ocrx_word' id='word_1_278' title='bbox 161 2808 410 2875; x_wconf 77' lang='lat' dir='ltr'><em>praecepit</em></span> <span class='ocrx_word' id='word_1_279' title='bbox 445 2807 681 2858; x_wconf 50' lang='lat' dir='ltr'><em>muniris</em></span> <span class='ocrx_word' id='word_1_280' title='bbox 757 2807 904 2857; x_wconf 88' lang='lat' dir='ltr'><em>Hinc</em></span> <span class='ocrx_word' id='word_1_281' title='bbox 930 2806 1142 2858; x_wconf 82' lang='lat' dir='ltr'><em>rediens</em></span> <span class='ocrx_word' id='word_1_282' title='bbox 1168 2807 1489 2869; x_wconf 86' lang='lat' dir='ltr'><em>Eboracum,</em></span> <span class='ocrx_word' id='word_1_283' title='bbox 1529 2813 1649 2873; x_wconf 88' lang='lat' dir='ltr'><em>post</em></span> <span class='ocrx_word' id='word_1_284' title='bbox 1677 2825 1862 2873; x_wconf 84' lang='lat' dir='ltr'><em>graves</em></span> <span class='ocrx_word' id='word_1_285' title='bbox 1890 2808 2084 2859; x_wconf 88' lang='lat' dir='ltr'><em>civium</em></span> 
     </span>
     <span class='ocr_line' id='line_1_35' title="bbox 161 2879 2081 2947; baseline 0 -16"><span class='ocrx_word' id='word_1_286' title='bbox 161 2886 215 2931; x_wconf 91' lang='lat' dir='ltr'><em>et</em></span> <span class='ocrx_word' id='word_1_287' title='bbox 242 2879 765 2947; x_wconf 85' lang='lat' dir='ltr'><em>comprovincialium</em></span> <span class='ocrx_word' id='word_1_288' title='bbox 791 2879 1261 2946; x_wconf 82' lang='lat' dir='ltr'><em>implacitationes‚</em></span> <span class='ocrx_word' id='word_1_289' title='bbox 1290 2897 1531 2929; x_wconf 79' lang='lat' dir='ltr'><em>reversus</em></span> <span class='ocrx_word' id='word_1_290' title='bbox 1553 2887 1632 2929; x_wconf 89' lang='lat' dir='ltr'><em>est</em></span> <span class='ocrx_word' id='word_1_291' title='bbox 1656 2880 2081 2947; x_wconf 78' lang='lat' dir='ltr'><em>Suthymbriam.</em></span> 
     </span>
    </p>

    <p class='ocr_par' dir='ltr' id='par_1_5' title="bbox 270 2951 2083 3019">
     <span class='ocr_line' id='line_1_36' title="bbox 270 2951 2083 3019; baseline 0.001 -17"><span class='ocrx_word' id='word_1_292' title='bbox 270 2952 534 3003; x_wconf 86' lang='lat' dir='ltr'><em>Radulfus</em></span> <span class='ocrx_word' id='word_1_293' title='bbox 574 2951 977 3002; x_wconf 88' lang='lat' dir='ltr'><em>Cantuariensis</em></span> <span class='ocrx_word' id='word_1_294' title='bbox 1017 2951 1446 3018; x_wconf 84' lang='lat' dir='ltr'><em>archiepiscopus</em></span> <span class='ocrx_word' id='word_1_295' title='bbox 1481 2951 1615 3002; x_wconf 87' lang='lat' dir='ltr'><em>obiit</em></span> <span class='ocrx_word' id='word_1_296' title='bbox 1651 2951 1741 3019; x_wconf 84' lang='lat' dir='ltr'><em>xiij</em></span> <span class='ocrx_word' id='word_1_297' title='bbox 1778 2952 1884 3003; x_wconf 90' lang='lat' dir='ltr'><em>kal.</em></span> <span class='ocrx_word' id='word_1_298' title='bbox 1920 2954 2083 3004; x_wconf 81' lang='lat' dir='ltr'><em>Octo-</em></span> 
     </span>
    </p>
   </div>
   <div class='ocr_carea' id='block_1_3' title="bbox 160 3023 307 3075">
    <p class='ocr_par' dir='ltr' id='par_1_6' title="bbox 160 3023 307 3075">
     <span class='ocr_line' id='line_1_37' title="bbox 160 3023 307 3075; baseline 0 -1"><span class='ocrx_word' id='word_1_299' title='bbox 160 3023 307 3075; x_wconf 67' lang='lat' dir='ltr'><em>bris!</em></span> 
     </span>
    </p>
   </div>
   <div class='ocr_carea' id='block_1_4' title="bbox 160 3192 2089 3739">
    <p class='ocr_par' dir='ltr' id='par_1_7' title="bbox 244 3192 2085 3245">
     <span class='ocr_line' id='line_1_38' title="bbox 244 3192 2085 3245; baseline 0.002 -12"><span class='ocrx_word' id='word_1_300' title='bbox 244 3201 258 3218; x_wconf 67' lang='lat' dir='ltr'><em>r</em></span> <span class='ocrx_word' id='word_1_301' title='bbox 286 3192 370 3233; x_wconf 87' lang='lat' dir='ltr'><em>For</em></span> <span class='ocrx_word' id='word_1_302' title='bbox 398 3193 516 3234; x_wconf 82' lang='lat' dir='ltr'><em>these</em></span> <span class='ocrx_word' id='word_1_303' title='bbox 544 3193 704 3243; x_wconf 78' lang='lat' dir='ltr'><em>letters,</em></span> <span class='ocrx_word' id='word_1_304' title='bbox 734 3206 800 3234; x_wconf 87' lang='lat' dir='ltr'><em>see</em></span> <span class='ocrx_word' id='word_1_305' title='bbox 823 3192 1046 3243; x_wconf 84' lang='lat' dir='ltr'><em>Baronius,</em></span> <span class='ocrx_word' id='word_1_306' title='bbox 1077 3192 1140 3233; x_wconf 90' lang='lat' dir='ltr'><em>ed.</em></span> <span class='ocrx_word' id='word_1_307' title='bbox 1161 3192 1282 3245; x_wconf 84' lang='lat' dir='ltr'><em>Pagi,</em></span> <span class='ocrx_word' id='word_1_308' title='bbox 1313 3194 1391 3233; x_wconf 89' lang='lat' dir='ltr'><em>sub</em></span> <span class='ocrx_word' id='word_1_309' title='bbox 1411 3206 1523 3234; x_wconf 91' lang='lat' dir='ltr'><em>anno</em></span> <span class='ocrx_word' id='word_1_310' title='bbox 1544 3196 1675 3240; x_wconf 79' lang='lat'>11223</span> <span class='ocrx_word' id='word_1_311' title='bbox 1704 3207 1772 3245; x_wconf 83' lang='lat' dir='ltr'><em>pp.</em></span> <span class='ocrx_word' id='word_1_312' title='bbox 1794 3193 1875 3237; x_wconf 84' lang='lat'><em>357</em></span> <span class='ocrx_word' id='word_1_313' title='bbox 1880 3198 1937 3235; x_wconf 87' lang='lat'><em>-8.</em></span> <span class='ocrx_word' id='word_1_314' title='bbox 1996 3195 2085 3236; x_wconf 83' lang='lat' dir='ltr'><em>The</em></span> 
     </span>
    </p>

    <p class='ocr_par' dir='ltr' id='par_1_8' title="bbox 160 3248 2087 3354">
     <span class='ocr_line' id='line_1_39' title="bbox 160 3248 2087 3343; baseline 0.002 -56"><span class='ocrx_word' id='word_1_315' title='bbox 160 3260 305 3343; x_wconf 49' lang='lat' dir='ltr'><em>ganges</em></span> <span class='ocrx_word' id='word_1_316' title='bbox 325 3248 371 3288; x_wconf 84' lang='lat' dir='ltr'><em>of</em></span> <span class='ocrx_word' id='word_1_317' title='bbox 394 3249 468 3289; x_wconf 81' lang='lat' dir='ltr'><em>the</em></span> <span class='ocrx_word' id='word_1_318' title='bbox 487 3248 700 3289; x_wconf 76' lang='lat' dir='ltr'><em>witnesses</em></span> <span class='ocrx_word' id='word_1_319' title='bbox 729 3251 774 3289; x_wconf 82' lang='lat' dir='ltr'><em>to</em></span> <span class='ocrx_word' id='word_1_320' title='bbox 792 3249 866 3289; x_wconf 79' lang='lat' dir='ltr'><em>the</em></span> <span class='ocrx_word' id='word_1_321' title='bbox 897 3248 1123 3300; x_wconf 83' lang='lat' dir='ltr'><em>emperor&#39;s</em></span> <span class='ocrx_word' id='word_1_322' title='bbox 1149 3248 1392 3289; x_wconf 85' lang='lat' dir='ltr'><em>concession</em></span> <span class='ocrx_word' id='word_1_323' title='bbox 1422 3261 1492 3289; x_wconf 87' lang='lat' dir='ltr'><em>are</em></span> <span class='ocrx_word' id='word_1_324' title='bbox 1519 3249 1646 3301; x_wconf 80' lang='lat' dir='ltr'><em>given</em></span> <span class='ocrx_word' id='word_1_325' title='bbox 1677 3262 1780 3302; x_wconf 73' lang='lat' dir='ltr'><em>very</em></span> <span class='ocrx_word' id='word_1_326' title='bbox 1799 3249 2087 3303; x_wconf 80' lang='lat' dir='ltr'><em>inaccurately</em></span> 
     </span>
     <span class='ocr_line' id='line_1_40' title="bbox 190 3315 434 3354; baseline 0.008 -13"><span class='ocrx_word' id='word_1_327' title='bbox 190 3316 218 3354; x_wconf 87' lang='lat' dir='ltr'>y</span> <span class='ocrx_word' id='word_1_328' title='bbox 268 3315 434 3354; x_wconf 81' lang='lat' dir='ltr'><em>ymeon.</em></span> 
     </span>
    </p>

    <p class='ocr_par' dir='ltr' id='par_1_9' title="bbox 163 3356 2089 3681">
     <span class='ocr_line' id='line_1_41' title="bbox 245 3356 2087 3411; baseline 0.002 -15"><span class='ocrx_word' id='word_1_329' title='bbox 245 3364 258 3381; x_wconf 74' lang='lat'><strong>⁸</strong></span> <span class='ocrx_word' id='word_1_330' title='bbox 286 3356 458 3397; x_wconf 85' lang='lat' dir='ltr'><em>Carlisle</em></span> <span class='ocrx_word' id='word_1_331' title='bbox 478 3358 561 3398; x_wconf 86' lang='lat' dir='ltr'><em>had</em></span> <span class='ocrx_word' id='word_1_332' title='bbox 578 3359 769 3411; x_wconf 79' lang='lat' dir='ltr'><em>recently</em></span> <span class='ocrx_word' id='word_1_333' title='bbox 782 3371 900 3399; x_wconf 86' lang='lat' dir='ltr'><em>come</em></span> <span class='ocrx_word' id='word_1_334' title='bbox 919 3358 1011 3398; x_wconf 83' lang='lat' dir='ltr'><em>into</em></span> <span class='ocrx_word' id='word_1_335' title='bbox 1025 3359 1099 3399; x_wconf 81' lang='lat' dir='ltr'><em>the</em></span> <span class='ocrx_word' id='word_1_336' title='bbox 1117 3358 1348 3410; x_wconf 87' lang='lat' dir='ltr'><em>possession</em></span> <span class='ocrx_word' id='word_1_337' title='bbox 1371 3359 1418 3399; x_wconf 86' lang='lat' dir='ltr'><em>of</em></span> <span class='ocrx_word' id='word_1_338' title='bbox 1431 3359 1506 3399; x_wconf 80' lang='lat' dir='ltr'><em>the</em></span> <span class='ocrx_word' id='word_1_339' title='bbox 1528 3358 1680 3399; x_wconf 83' lang='lat' dir='ltr'><em>Crovvn</em></span> <span class='ocrx_word' id='word_1_340' title='bbox 1699 3360 1754 3411; x_wconf 89' lang='lat' dir='ltr'><em>by</em></span> <span class='ocrx_word' id='word_1_341' title='bbox 1767 3360 1841 3400; x_wconf 89' lang='lat' dir='ltr'><em>the</em></span> <span class='ocrx_word' id='word_1_342' title='bbox 1861 3361 2087 3400; x_wconf 87' lang='lat' dir='ltr'><em>surrender</em></span> 
     </span>
     <span class='ocr_line' id='line_1_42' title="bbox 165 3411 2084 3466; baseline 0.002 -15"><span class='ocrx_word' id='word_1_343' title='bbox 165 3411 211 3451; x_wconf 86' lang='lat' dir='ltr'><em>of</em></span> <span class='ocrx_word' id='word_1_344' title='bbox 234 3411 401 3451; x_wconf 80' lang='lat' dir='ltr'><em>Ranulf</em></span> <span class='ocrx_word' id='word_1_345' title='bbox 424 3412 474 3452; x_wconf 90' lang='lat' dir='ltr'><em>de</em></span> <span class='ocrx_word' id='word_1_346' title='bbox 494 3413 747 3463; x_wconf 83' lang='lat' dir='ltr'><em>Meschines,</em></span> <span class='ocrx_word' id='word_1_347' title='bbox 777 3414 872 3453; x_wconf 81' lang='lat' dir='ltr'><em>who</em></span> <span class='ocrx_word' id='word_1_348' title='bbox 902 3414 1091 3454; x_wconf 86' lang='lat' dir='ltr'><em>received</em></span> <span class='ocrx_word' id='word_1_349' title='bbox 1124 3414 1170 3453; x_wconf 88' lang='lat' dir='ltr'><em>in</em></span> <span class='ocrx_word' id='word_1_350' title='bbox 1201 3414 1419 3466; x_wconf 84' lang='lat' dir='ltr'><em>exchange</em></span> <span class='ocrx_word' id='word_1_351' title='bbox 1445 3415 1518 3454; x_wconf 76' lang='lat' dir='ltr'><em>the</em></span> <span class='ocrx_word' id='word_1_352' title='bbox 1550 3415 1735 3454; x_wconf 84' lang='lat' dir='ltr'><em>earldom</em></span> <span class='ocrx_word' id='word_1_353' title='bbox 1763 3415 1809 3454; x_wconf 87' lang='lat' dir='ltr'><em>of</em></span> <span class='ocrx_word' id='word_1_354' title='bbox 1834 3415 2010 3455; x_wconf 83' lang='lat' dir='ltr'><em>Chester</em></span> <span class='ocrx_word' id='word_1_355' title='bbox 2028 3428 2084 3454; x_wconf 89' lang='lat' dir='ltr'><em>on</em></span> 
     </span>
     <span class='ocr_line' id='line_1_43' title="bbox 163 3466 2089 3521; baseline 0.002 -16"><span class='ocrx_word' id='word_1_356' title='bbox 163 3466 238 3506; x_wconf 84' lang='lat' dir='ltr'><em>the</em></span> <span class='ocrx_word' id='word_1_357' title='bbox 258 3466 384 3505; x_wconf 81' lang='lat' dir='ltr'><em>death</em></span> <span class='ocrx_word' id='word_1_358' title='bbox 410 3466 455 3506; x_wconf 90' lang='lat' dir='ltr'><em>of</em></span> <span class='ocrx_word' id='word_1_359' title='bbox 478 3466 533 3506; x_wconf 77' lang='lat' dir='ltr'><em>its</em></span> <span class='ocrx_word' id='word_1_360' title='bbox 551 3467 632 3507; x_wconf 69' lang='lat' dir='ltr'><em>last</em></span> <span class='ocrx_word' id='word_1_361' title='bbox 649 3481 868 3519; x_wconf 89' lang='lat' dir='ltr'><em>possessor,</em></span> <span class='ocrx_word' id='word_1_362' title='bbox 898 3469 984 3509; x_wconf 84' lang='lat' dir='ltr'><em>earl</em></span> <span class='ocrx_word' id='word_1_363' title='bbox 1010 3468 1210 3518; x_wconf 81' lang='lat' dir='ltr'><em>Richard,</em></span> <span class='ocrx_word' id='word_1_364' title='bbox 1241 3469 1336 3509; x_wconf 86' lang='lat' dir='ltr'><em>who</em></span> <span class='ocrx_word' id='word_1_365' title='bbox 1364 3469 1559 3520; x_wconf 82' lang='lat' dir='ltr'><em>perished</em></span> <span class='ocrx_word' id='word_1_366' title='bbox 1578 3472 1622 3519; x_wconf 81' lang='lat' dir='ltr'><em>at</em></span> <span class='ocrx_word' id='word_1_367' title='bbox 1641 3482 1709 3509; x_wconf 87' lang='lat' dir='ltr'><em>sea</em></span> <span class='ocrx_word' id='word_1_368' title='bbox 1729 3483 1783 3509; x_wconf 89' lang='lat' dir='ltr'><em>on</em></span> <span class='ocrx_word' id='word_1_369' title='bbox 1803 3470 1875 3509; x_wconf 74' lang='lat' dir='ltr'><em>the</em></span> <span class='ocrx_word' id='word_1_370' title='bbox 1895 3469 2023 3521; x_wconf 73' lang='lat' dir='ltr'><em>night</em></span> <span class='ocrx_word' id='word_1_371' title='bbox 2043 3470 2089 3509; x_wconf 83' lang='lat' dir='ltr'><em>of</em></span> 
     </span>
     <span class='ocr_line' id='line_1_44' title="bbox 165 3521 2084 3576; baseline 0.003 -17"><span class='ocrx_word' id='word_1_372' title='bbox 165 3521 239 3560; x_wconf 79' lang='lat' dir='ltr'><em>the</em></span> <span class='ocrx_word' id='word_1_373' title='bbox 271 3521 373 3561; x_wconf 74' lang='lat' dir='ltr'><em>26⁴0h</em></span> <span class='ocrx_word' id='word_1_374' title='bbox 407 3521 452 3560; x_wconf 88' lang='lat' dir='ltr'><em>of</em></span> <span class='ocrx_word' id='word_1_375' title='bbox 487 3521 743 3572; x_wconf 80' lang='lat' dir='ltr'><em>November,</em></span> <span class='ocrx_word' id='word_1_376' title='bbox 783 3527 904 3573; x_wconf 81' lang='lat'><em>1122,</em></span> <span class='ocrx_word' id='word_1_377' title='bbox 942 3524 988 3563; x_wconf 90' lang='lat' dir='ltr'><em>in</em></span> <span class='ocrx_word' id='word_1_378' title='bbox 1017 3536 1226 3576; x_wconf 78' lang='lat' dir='ltr'><em>company</em></span> <span class='ocrx_word' id='word_1_379' title='bbox 1256 3524 1359 3563; x_wconf 86' lang='lat' dir='ltr'><em>with</em></span> <span class='ocrx_word' id='word_1_380' title='bbox 1390 3524 1464 3564; x_wconf 76' lang='lat' dir='ltr'><em>the</em></span> <span class='ocrx_word' id='word_1_381' title='bbox 1502 3524 1643 3575; x_wconf 72' lang='lat' dir='ltr'><em>king&#39;s</em></span> <span class='ocrx_word' id='word_1_382' title='bbox 1681 3525 1781 3575; x_wconf 84' lang='lat' dir='ltr'><em>only</em></span> <span class='ocrx_word' id='word_1_383' title='bbox 1820 3537 1908 3573; x_wconf 88' lang='lat' dir='ltr'><em>son,</em></span> <span class='ocrx_word' id='word_1_384' title='bbox 1937 3523 2084 3575; x_wconf 89' lang='lat' dir='ltr'><em>prince</em></span> 
     </span>
     <span class='ocr_line' id='line_1_45' title="bbox 166 3575 2084 3630; baseline 0.002 -17"><span class='ocrx_word' id='word_1_385' title='bbox 166 3575 372 3624; x_wconf 85' lang='lat' dir='ltr'><em>William,</em></span> <span class='ocrx_word' id='word_1_386' title='bbox 401 3575 482 3615; x_wconf 83' lang='lat' dir='ltr'><em>and</em></span> <span class='ocrx_word' id='word_1_387' title='bbox 512 3589 642 3628; x_wconf 86' lang='lat' dir='ltr'><em>many</em></span> <span class='ocrx_word' id='word_1_388' title='bbox 672 3578 793 3617; x_wconf 76' lang='lat' dir='ltr'><em>other</em></span> <span class='ocrx_word' id='word_1_389' title='bbox 825 3591 997 3628; x_wconf 84' lang='lat' dir='ltr'><em>persons</em></span> <span class='ocrx_word' id='word_1_390' title='bbox 1031 3579 1074 3618; x_wconf 84' lang='lat' dir='ltr'><em>of</em></span> <span class='ocrx_word' id='word_1_391' title='bbox 1104 3578 1365 3627; x_wconf 77' lang='lat' dir='ltr'><em>distinction,</em></span> <span class='ocrx_word' id='word_1_392' title='bbox 1396 3592 1451 3618; x_wconf 90' lang='lat' dir='ltr'><em>on</em></span> <span class='ocrx_word' id='word_1_393' title='bbox 1482 3579 1595 3618; x_wconf 85' lang='lat' dir='ltr'><em>their</em></span> <span class='ocrx_word' id='word_1_394' title='bbox 1624 3591 1796 3630; x_wconf 74' lang='lat' dir='ltr'><em>passage</em></span> <span class='ocrx_word' id='word_1_395' title='bbox 1828 3579 1935 3618; x_wconf 86' lang='lat' dir='ltr'><em>from</em></span> <span class='ocrx_word' id='word_1_396' title='bbox 1970 3578 2084 3618; x_wconf 82' lang='lat' dir='ltr'><em>Nor-</em></span> 
     </span>
     <span class='ocr_line' id='line_1_46' title="bbox 166 3630 1066 3681; baseline 0.004 -12"><span class='ocrx_word' id='word_1_397' title='bbox 166 3631 325 3681; x_wconf 84' lang='lat' dir='ltr'><em>mandy</em></span> <span class='ocrx_word' id='word_1_398' title='bbox 343 3633 387 3669; x_wconf 87' lang='lat' dir='ltr'><em>to</em></span> <span class='ocrx_word' id='word_1_399' title='bbox 407 3630 605 3681; x_wconf 67' lang='lat' dir='ltr'><em>England</em></span> <span class='ocrx_word' id='word_1_400' title='bbox 622 3647 632 3681; x_wconf 80' lang='lat'>3</span> <span class='ocrx_word' id='word_1_401' title='bbox 661 3644 705 3670; x_wconf 84' lang='lat' dir='ltr'><em>as</em></span> <span class='ocrx_word' id='word_1_402' title='bbox 723 3632 905 3673; x_wconf 82' lang='lat' dir='ltr'><em>detailed</em></span> <span class='ocrx_word' id='word_1_403' title='bbox 924 3634 1066 3673; x_wconf 87' lang='lat' dir='ltr'><em>above.</em></span> 
     </span>
    </p>

    <p class='ocr_par' dir='ltr' id='par_1_10' title="bbox 251 3684 1672 3739">
     <span class='ocr_line' id='line_1_47' title="bbox 251 3684 1672 3739; baseline 0.002 -14"><span class='ocrx_word' id='word_1_404' title='bbox 251 3687 261 3708; x_wconf 77' lang='lat'><strong><em>‘</em></strong></span> <span class='ocrx_word' id='word_1_405' title='bbox 291 3684 410 3725; x_wconf 80' lang='lat' dir='ltr'><em>Obiit-</em></span> <span class='ocrx_word' id='word_1_406' title='bbox 430 3684 639 3725; x_wconf 78' lang='lat' dir='ltr'><em>Radulfus</em></span> <span class='ocrx_word' id='word_1_407' title='bbox 659 3686 975 3727; x_wconf 76' lang='lat' dir='ltr'><em>Cantuariensis</em></span> <span class='ocrx_word' id='word_1_408' title='bbox 994 3687 1343 3739; x_wconf 69' lang='lat' dir='ltr'><em>archiepiscopus,</em></span> <span class='ocrx_word' id='word_1_409' title='bbox 1403 3689 1455 3727; x_wconf 76' lang='lat' dir='ltr'><em>In</em></span> <span class='ocrx_word' id='word_1_410' title='bbox 1476 3689 1672 3739; x_wconf 61' lang='lat' dir='ltr'><em>momine.</em></span> 
     </span>
    </p>
   </div>
  </div>
 </body>
</html>
