2384 4126
845 405 1102 440 HISTORIA
1140 406 1348 440 REGUM.
1986 395 2053 445 17

141 532 200 582 111
228 532 463 583 Scotiam
489 531 765 583 deducere.
843 531 953 583 Qui
991 549 1112 582 cum
1149 531 1377 598 quadam
1403 530 1515 581 vice
1547 548 1669 581 cum
1693 532 2056 584 numerosiore

143 604 299 654 solito
326 603 560 655 exercitu
585 604 716 654 fines
741 603 1022 670 provinciae
1047 603 1208 664 illius,
1237 620 1354 653 eam
1381 602 1766 665 devastaturus,
1788 603 2057 669 ingressus

144 675 347 737 fuisset,
401 675 747 741 provinciales
792 675 905 742 ejus
951 675 1236 724 adventum
1279 674 1573 735 audientes,
1612 674 1721 724 fere
1763 692 1947 724 omnes
1993 675 2058 724 ad

147 746 424 797 ecclesiam
454 746 958 825 Hagustaldensem,
999 763 1121 796 cum
1160 746 1318 795 rebus
1350 745 1458 795 suis
1485 763 1614 811 quas
1641 763 1821 796 secum
1846 752 2058 812 portare

145 823 410 884 poterant,
451 817 547 868 sub
586 817 915 883 protectione
948 818 1267 867 Sanctorum
1302 816 1360 866 in
1393 817 1486 866 illa
1518 817 1905 884 quiescentium
1933 835 2055 867 con-

146 888 416 955 fugerunt
496 889 654 940 Quod
679 895 740 938 ut
760 888 1083 938 Malcolmus
1102 888 1374 954 comperit,
1401 888 1675 968 proposuit
1700 888 1794 938 illo
1820 906 2057 955 pergere,

148 977 435 1026 omnesque
481 960 572 1027 qui
617 977 678 1010 eo
723 960 1075 1026 confugerant
1120 960 1427 1026 exspoliare,
1468 960 1743 1026 ipsamque
1783 960 2060 1010 66616513111

146 1031 388 1081 funditus
429 1038 678 1082 evertere.
757 1031 916 1082 Quod
962 1031 1182 1081 audiens
1215 1031 1492 1098 presbyter
1526 1031 1765 1098 ejusdem
1807 1031 2058 1094 ecclesiae,

149 1103 383 1168 porrexit
421 1103 631 1153 obviam
676 1102 742 1164 ei,
799 1103 1200 1169 ammonuitque
1243 1102 1397 1152 illum
1437 1120 1505 1153 ne
1548 1108 1760 1152 tantum
1811 1103 1961 1153 nefas
2005 1104 2062 1153 in

150 1174 373 1224 Sanctos
414 1174 535 1237 Dei,
576 1174 809 1225 ecclesiae
846 1174 990 1224 illius
1024 1182 1293 1241 patronos,
1334 1174 1666 1225 committere
1697 1182 2060 1241 praesumeret.

148 1246 224 1295 At
267 1246 375 1308 ille,
419 1247 531 1313 ejus
563 1263 815 1312 spernens
850 1246 1071 1308 monita,
1113 1263 1234 1296 eum
1278 1265 1307 1296 a
1342 1264 1396 1296 56
1433 1264 1553 1296 611111
1588 1246 1785 1314 injuria
1821 1248 2059 1314 projecit.

151 1316 258 1367 Qui
311 1317 377 1367 ad
428 1317 704 1368 ecclesiam
754 1317 1006 1368 festinato
1055 1317 1283 1379 rediens,
1324 1335 1508 1367 omnes
1560 1318 1649 1384 qui
1692 1318 1891 1368 ibidem
1939 1336 2062 1368 con-

147 1387 397 1454 fugerant
437 1389 490 1438 in
533 1406 815 1440 commune
857 1389 1166 1439 exhortatus
1211 1395 1307 1451 est,
1360 1388 1615 1455 gloriosos
1668 1390 1891 1440 Sanctos
1941 1391 2062 1453 Dei,

151 1460 248 1509 sub
294 1478 516 1527 quorum
562 1460 866 1526 praesidium
902 1460 1270 1526 confugerant,
1309 1460 1573 1511 instanter
1607 1461 1895 1527 deprecari,
1935 1480 2062 1528 qua-

150 1531 297 1581 tinus
337 1532 457 1582 illos
498 1532 654 1582 solita
695 1531 894 1598 pietate
940 1549 1034 1581 sua
1074 1550 1104 1581 a
1147 1537 1260 1581 tam
1299 1531 1522 1581 immani
1561 1531 1713 1582 hoste
1760 1533 2065 1599 Scottisque

151 1601 337 1653 bestiis
382 1602 763 1653 crudelioribus
807 1608 1084 1669 protegere
1130 1602 1494 1668 dignarentur.
1571 1604 1643 1653 Et
1686 1604 1927 1654 fecerunt
1970 1605 2064 1655 ita.

151 1673 327 1725 Nocte
354 1692 476 1725 vero
503 1674 747 1741 sequenti
774 1691 896 1724 cum
921 1674 1062 1724 idem
1084 1674 1361 1740 presbyter
1380 1692 1488 1740 prae
1508 1674 1728 1724 tristitia
1746 1675 1804 1724 in
1824 1693 2066 1741 soporem

154 1745 453 1809 decidisset,
494 1745 737 1812 apparuit
779 1745 826 1795 ei
865 1745 945 1795 vir
990 1745 1206 1812 quidam
1231 1745 1385 1795 vultu
1417 1754 1469 1796 et
1500 1745 1688 1796 habitu
1715 1747 2064 1810 venerandus,

152 1816 242 1883 qui
269 1817 333 1868 ab
362 1835 422 1868 eo
450 1817 834 1880 sciscitabatur,
871 1817 1021 1883 quasi
1057 1816 1326 1883 ignorans,
1365 1834 1578 1867 causam
1612 1823 1778 1868 tantae
1815 1817 2065 1870 tristitiae.

155 1888 397 1955 Cumque
440 1906 535 1955 pro
575 1888 810 1939 hostium
851 1888 1249 1939 imminentium
1291 1888 1493 1939 saevitia
1534 1906 1588 1939 se
1626 1907 1815 1956 pavere
1849 1907 2066 1956 respon-

154 1959 333 2023 disset,
393 1960 466 2011 ait
521 1959 620 2022 illi,
679 1960 821 2010 “Ne
865 1960 1073 2022 timeas,
1115 1960 1383 2027 quoniam,
1438 1966 1724 2027 antequam
1774 1961 2066 2025 illucescat,

153 2037 266 2082 rete
310 2050 489 2082 meum
528 2031 586 2081 in
630 2031 849 2082 fluvium
889 2032 1117 2094 mittam,
1164 2050 1258 2098 per
1299 2031 1439 2098 quod
1489 2032 1708 2082 omnino
1761 2033 2069 2084 Scottorum

153 2104 409 2153 transitus
457 2103 831 2170 impedietur.''
934 2103 1067 2154 Haec
1119 2120 1241 2153 cum
1300 2104 1519 2154 dixisset
1569 2104 1799 2154 evanuit.
1901 2105 2070 2157 Mane

156 2181 334 2226 autem
360 2175 519 2236 facto,
558 2175 808 2225 inventus
845 2180 924 2225 est
960 2175 1131 2225 amnis
1170 2174 1260 2241 qui
1295 2176 1445 2241 Tyna
1472 2175 1684 2238 dicitur,
1726 2176 1923 2242 absque
1951 2177 2067 2243 plu-

153 2246 357 2296 viarum
383 2246 733 2296 inundatione
761 2253 814 2296 et
839 2252 1120 2296 ventorum
1145 2246 1416 2307 violentia,
1443 2246 1499 2296 in
1518 2253 1733 2297 tantum
1760 2248 2067 2311 excrevisse,

91 2314 94 2318 ’
154 2323 216 2367 ut
243 2318 439 2385 absque
464 2317 632 2367 navis0
659 2317 1002 2367 amminiculo
1028 2316 1249 2367 minime
1283 2317 1499 2367 transiri
1535 2324 1729 2384 posset.
1807 2319 2070 2370 Praeterea

156 2389 338 2439 eadem
379 2394 535 2439 nocte
580 2394 632 2438 et
674 2388 758 2438 die
798 2388 1040 2454 sequenti
1079 2394 1232 2437 tanta
1271 2395 1489 2454 repente
1528 2388 1725 2439 nebula
1760 2390 1968 2452 accidit,
2008 2397 2069 2441 ut

155 2460 387 2510 maxima
426 2477 546 2525 pars
577 2459 838 2509 exercitus
882 2459 1170 2526 supradicti
1200 2459 1340 2525 regis
1377 2477 1470 2526 per
1503 2460 1751 2511 tenebras
1778 2461 2013 2528 dispersa
2040 2481 2070 2513 a

157 2549 211 2581 se
250 2530 478 2581 invicem
519 2530 863 2593 dilaberetur,
902 2530 979 2580 ita
1019 2536 1079 2580 ut
1124 2530 1302 2597 plures
1341 2531 1407 2581 ad
1449 2532 1769 2598 aquilonem,
1808 2533 1967 2583 multi
2003 2533 2070 2583 ad

158 2601 435 2664 orientem,
455 2601 700 2652 nonnulli
726 2619 932 2668 quoque
960 2602 1027 2652 ad
1056 2601 1352 2664 meridiem,
1383 2609 1561 2668 aperte
1588 2603 1845 2654 miraculo
1871 2604 2068 2655 Divino

158 2673 378 2735 confusi,
418 2690 511 2739 per
535 2673 967 2723 intercessionem
1000 2674 1319 2723 Sanctorum
1359 2674 1806 2740 Hagustaldensis
1833 2676 2070 2727 ecclesiae

156 2762 277 2795 cum
317 2762 512 2810 magna
547 2744 887 2795 festinatione
929 2744 1225 2795 tenderent.
1304 2746 1420 2796 Rex
1446 2763 1568 2796 vero
1594 2746 1919 2797 Malcolmus
1946 2765 2069 2798 cum

153 2816 247 2866 illa
297 2815 555 2882 particula
605 2815 867 2866 exercitus
908 2815 988 2865 sui
1030 2833 1146 2882 quae
1186 2834 1307 2866 cum
1343 2834 1404 2867 eo
1448 2824 1777 2869 remanserat
1830 2819 2065 2882 veniens,

154 2905 367 2938 omnem
401 2887 762 2938 transmeandi
797 2887 1002 2954 copiam
1044 2887 1144 2938 sibi
1184 2894 1435 2955 negatam
1461 2889 1610 2939 vidit.
1689 2890 1910 2941 Resedit
1942 2909 2068 2958 ergo

153 2977 310 3025 supra
334 2958 504 3025 ripam
523 2958 773 3022 fluminiS,
793 2965 1100 3025 exspectare
1120 2959 1302 3010 volens
1323 2960 1490 3011 donec
1518 2979 1652 3028 aqua
1678 2961 2068 3013 diminueretur

152 3037 214 3081 ut
239 3030 464 3081 transire
489 3036 681 3097 posset.
760 3030 865 3081 Sed
892 3048 1013 3081 cum
1047 3031 1218 3082 tribus
1254 3031 1440 3082 diebus
1475 3039 1820 3099 expectasset,
1850 3053 2066 3101 aquam-

154 3120 254 3169 que
282 3102 476 3169 absque
503 3102 648 3152 omni
672 3102 863 3169 pluviae
885 3102 1365 3154 amministratione
1392 3104 1586 3155 cotidie
1612 3105 1783 3171 magis
1811 3123 1871 3156 ac
1896 3106 2067 3172 magis

155 3191 386 3224 crescere
411 3173 629 3236 videret,
668 3179 781 3224 tam
808 3174 1041 3225 evidenti
1066 3174 1323 3225 miraculo
1353 3176 1685 3241 perterritus,
1726 3194 1845 3227 cum
1873 3196 2069 3243 magna

153 3245 490 3295 festinatione
532 3245 775 3296 recessit:
819 3245 996 3312 sicque
1042 3246 1107 3296 ab
1150 3246 1263 3313 ejus
1303 3247 1616 3298 crudelitate
1657 3266 1842 3299 omnes
1877 3249 1967 3315 qui
2000 3249 2065 3299 ad

153 3317 424 3383 praefatam
455 3317 940 3383 Hagustaldensem
967 3317 1244 3367 ecclesiam
1271 3318 1639 3385 confugerant,
1666 3320 1871 3370 meritis
1900 3321 2064 3370 Sanc-

152 3394 328 3438 torum
353 3388 409 3438 in
435 3388 528 3438 illa
553 3388 995 3455 requiescentium
1025 3389 1193 3455 erepti
1219 3395 1358 3439 sunt.

263 3459 366 3510 Sed
386 3477 529 3510 nunc
551 3460 616 3510 ad
637 3459 944 3510 historicam
961 3460 1321 3511 narrationem
1341 3462 1749 3528 praetermissam
1765 3463 2060 3513 redeamus.

152 3530 276 3597 Ipso
320 3549 443 3582 vero
488 3549 626 3582 anno
670 3549 774 3598 quo
821 3532 1049 3582 Sanctus
1090 3533 1236 3583 Acca
1277 3533 1551 3599 episcopus
1588 3533 1654 3584 ad
1696 3533 1925 3583 caelestia
1959 3532 2057 3582 mi-

808 3693 824 3709 ⁶
854 3686 955 3726 This
974 3686 1089 3726 word
1107 3686 1142 3726 is
1161 3686 1400 3728 interlined.

1289 3781 1361 3823 ἑὲ
