2384 4126
866 396 1127 430 HISTORIA
1166 396 1376 431 REGUM.
2012 385 2079 433 63

978 540 1258 574 DCCCXCIX.

266 621 427 672 Anno
453 621 724 673 Doce.xcix
749 620 998 673 Elfredus
1023 639 1115 673 rex
1141 621 1275 672 obiit
1296 639 1418 672 cum
1444 626 1720 688 regnasset
1742 621 1895 672 annis
1915 622 2073 690 xxviij

158 692 246 743 cui
282 693 422 743 filius
458 693 751 744 Edwardus
790 693 1059 756 successit,
1099 693 1384 760 diligenter
1422 712 1452 744 a
1489 699 1639 761 patre
1678 694 1982 744 admonitus
2016 702 2077 745 ut

157 764 422 832 praecipue
462 765 720 816 Sanctum
760 765 1119 816 Cuthbertum
1157 765 1461 816 honoraret.
1538 765 1827 816 Eardulfus
1867 783 2076 832 quoque

159 836 434 903 episcopus
470 836 529 887 in
567 837 954 888 Cunceceastre
993 836 1144 899 obiit,
1192 854 1296 903 quo
1336 854 1526 903 corpus
1567 837 1752 887 Sancti
1790 837 2078 888 Cuthberti

156 908 522 970 transtulerat,
564 925 686 959 cum
725 926 829 975 quo
863 926 957 976 per
989 908 1043 958 ix
1072 926 1238 959 annos
1266 915 1390 959 ante
1416 909 1756 975 Paganorum
1783 909 2076 960 exercitum

156 980 328 1030 multo
355 997 476 1030 cum
501 980 682 1031 labore
709 986 762 1031 et
787 980 1009 1048 penuria
1044 980 1108 1031 de
1145 980 1263 1031 loco
1304 980 1371 1030 ad
1407 980 1586 1031 locum
1617 980 1849 1047 fugerat.
1929 981 2075 1031 Huic

154 1051 486 1103 Cuthbertus
511 1052 570 1102 in
596 1052 959 1119 episcopatum
986 1051 1279 1103 successits

1018 1206 1204 1239 DCCCC.

261 1287 422 1337 Anno
449 1304 614 1338 00000
650 1286 941 1338 Ethelbald
980 1287 1256 1338 ordinatus
1291 1292 1371 1338 est
1396 1287 1454 1337 in
1481 1286 1843 1354 episcopatum
1869 1286 2071 1337 Ebora-

156 1359 326 1409 censis
354 1358 603 1410 ecclesiae.

1005 1469 1214 1503 000001.

260 1551 420 1602 Anno
446 1550 652 1618 Dcccc.j
683 1549 907 1602 Osbrith
931 1567 1098 1617 regno
1122 1549 1306 1617 pulsus
1333 1557 1429 1600 est.

995 1700 1230 1734 0000011.

259 1777 418 1827 Anno
444 1776 669 1844 Dcccc.ij
701 1775 955 1843 Brehtsig
980 1775 1185 1826 occisus
1212 1779 1311 1826 est.

981 1926 1228 1960 DCCCCVI.

253 2008 414 2060 Anno
442 2008 679 2076 Dcccc.vj
720 2026 812 2059 rex
838 2008 1150 2071 EdwardUS‚
1177 2008 1493 2061 necessitate
1525 2009 1846 2077 compuISUS,
1878 2028 2065 2078 pacem

145 2081 375 2132 firmavit
402 2098 523 2132 cum
550 2081 916 2132 Orientalibus
942 2081 1135 2148 Anglis
1163 2088 1216 2132 et
1241 2081 1878 2149 Northhymbrensibus!

987 2231 1207 2265 DCCCCX.

251 2309 413 2359 Anno
439 2324 663 2358 nocco.x
687 2306 854 2373 Angli
881 2312 934 2358 et
953 2305 1098 2356 Dani
1122 2312 1494 2372 pugnaverunt
1521 2306 1660 2373 apud
1680 2307 2062 2359 Teontanbole.

145 2379 263 2431 Rex
300 2379 591 2446 Evdwardus
630 2378 967 2429 Londoniam
1006 2383 1060 2428 et
1097 2377 1406 2428 Oxnaforda
1438 2384 1491 2428 et
1519 2396 1635 2445 quae
1662 2378 1728 2428 ad
1755 2396 1871 2429 eam
1897 2379 2059 2446 perti-

144 2458 276 2501 nent
302 2450 533 2517 suscepit
555 2471 564 2500 :
595 2467 699 2517 quo
720 2467 859 2500 anno
878 2449 1051 2499 multa
1074 2449 1369 2516 piratarum
1396 2467 1585 2500 manus
1613 2450 1752 2500 circa
1779 2450 2060 2501 Sabrinam

145 2523 344 2573 flumen
369 2522 656 2573 crudeliter
679 2521 937 2572 vastando
964 2526 1203 2587 grassata
1229 2527 1327 2584 est,
1368 2521 1460 2572 sed
1491 2521 1567 2572 ibi
1603 2521 1760 2573 citius
1785 2528 1900 2573 tota
1925 2541 2061 2591 pene

143 2593 364 2645 interiit.

964 2681 1235 2715 Dccccxn.

251 2766 412 2816 Anno
447 2765 706 2833 Dcccc.xij
752 2764 1067 2832 Reingwald
1092 2783 1184 2816 rex
1212 2770 1265 2815 et
1292 2765 1426 2816 Oter
1452 2783 1629 2816 comes
1669 2771 1722 2817 et
1757 2766 1902 2818 Oswl
1928 2766 2058 2817 Cra-

143 2837 329 2889 cabam
354 2838 662 2905 irruperunt
688 2843 740 2888 et
765 2843 1108 2888 vastaverunt
1134 2836 1428 2889 Dunbline.

954 2988 1239 3023 Dccccxw.

248 3065 409 3116 Anno
436 3064 711 3117 Dcocc.xiv
736 3064 864 3116 Niel
888 3082 983 3115 rex
1008 3064 1212 3115 occisus
1239 3068 1319 3115 est
1347 3081 1377 3114 a
1401 3062 1567 3114 fratre
1595 3063 1871 3114 Sihtricost

952 3215 1231 3249 DCCCCXIX.

248 3291 409 3342 Anno
437 3290 715 3342 nocco.xix
741 3308 834 3342 rex
861 3290 1094 3358 Inguald
1118 3288 1311 3357 irrupit
1337 3287 1679 3339 Eboracum!

224 3464 233 3488 ''
264 3463 340 3504 See
368 3464 442 3505 the
471 3464 640 3505 ancient
669 3465 862 3505 Historia
888 3465 938 3505 de
969 3465 1123 3505 Sancto
1157 3464 1409 3513 Cuthberto,
1442 3462 1582 3503 which
1612 3462 1697 3502 will
1726 3462 1778 3502 be
1807 3459 1977 3512 printed
2010 3458 2056 3498 in

141 3518 216 3558 the
235 3520 404 3569 present
423 3519 591 3559 volume
607 3536 618 3570 3
647 3520 731 3560 also
750 3520 867 3561 Hist.
887 3520 1000 3561 Eccl.
1021 3520 1238 3569 Dunelm.,
1258 3519 1367 3560 book
1387 3518 1446 3569 ii„
1466 3518 1585 3569 ohap.
1607 3530 1720 3567 XXX„
1741 3519 1820 3556 etc.

217 3572 234 3605 J'
265 3572 404 3612 Saxon
424 3572 659 3615 Chronicle.
992 3575 1009 3599 ἢ
1040 3574 1180 3614 Saxon
1200 3573 1437 3614 Chronicle.

225 3624 236 3648 l
265 3626 403 3666 Saxon
424 3627 660 3677 Chronicle,
695 3639 783 3668 ΑΛ).
805 3632 900 3674 921,
929 3629 1083 3678 which,
1114 3629 1320 3677 however,
1354 3628 1388 3668 is
1414 3628 1459 3666 in
1484 3639 1600 3667 error
1622 3626 1669 3665 in
1699 3623 1937 3674 describing
1957 3621 2057 3662 Niel

142 3681 225 3721 and.
245 3681 402 3721 Sihtrio
422 3694 465 3721 as
483 3682 687 3723 brothers.
745 3682 951 3734 Compare
971 3683 1134 3723 Annals
1153 3683 1200 3723 of
1224 3683 1297 3723 the
1316 3682 1432 3721 Four
1452 3682 1646 3721 Masters.
