2384 4126
283 340 387 390 138
862 357 1121 392 1115106111
1162 358 1229 392 DE
1273 360 1311 392 S.
1356 358 1680 392 CUTHBERTO

1147 856 1359 890 INCIPIT

416 990 845 1064 HISTORIA
920 989 1036 1062 DE
1117 988 1451 1062 SANCTO
1530 988 2087 1080 OUTHBERTO,

285 1189 351 1223 ET
397 1189 467 1222 DE
509 1188 1029 1222 COMMEMORATIONE
1077 1188 1337 1222 LOCORUM
1385 1188 1794 1230 REGIONUMQUE
1841 1192 1969 1226 EJUS
2015 1194 2216 1227 PRISCAE

470 1260 929 1307 Ρο55Ε551οΝΙ5,,Α
968 1261 1281 1294 PRIMORDIO
1322 1260 1498 1300 USQUE
1541 1261 1692 1295 NUNC
1733 1257 2051 1297 TEMPORIS.P

288 1577 356 1627 IN
395 1575 614 1626 nomine
648 1575 753 1627 Dei
787 1575 1013 1626 summi!
1093 1576 1176 1626 De
1205 1576 1404 1628 Sancto
1432 1576 1752 1640 CuthbertO,
1793 1584 1847 1629 et
1883 1577 1947 1628 de
1987 1595 2218 1629 comme-

290 1648 590 1699 moratione
640 1647 881 1699 locorum
931 1648 1319 1715 regionumque
1372 1649 1486 1716 ejus
1536 1650 1721 1716 priscae
1770 1650 2135 1717 possessionis,
2193 1669 2223 1700 a

289 1720 581 1787 primordio
607 1738 776 1787 usque
801 1738 946 1770 nunc
972 1720 1246 1787 temporis,
1274 1720 1375 1771 hoc
1402 1721 1562 1772 modo
1588 1721 1796 1789 incipit.

399 1792 469 1842 In
508 1792 681 1859 prima
722 1810 818 1842 sua
851 1793 1155 1859 juventute,
1201 1792 1414 1859 quando
1458 1794 1688 1844 Sanctus
1731 1793 2063 1845 Cuthbertus
2108 1800 2222 1845 erat

289 1863 537 1944 vigilans·
562 1881 719 1943 super
768 1881 960 1931 pecora
1005 1863 1209 1914 domini
1254 1864 1336 1914 sui
1386 1882 1549 1932 prope
1595 1884 1789 1932 aquam
1841 1883 1957 1934 quae
2000 1872 2221 1917 vocatur

288 1935 480 1999 Leder,
522 1935 581 1986 in
608 1935 799 2003 spiritu
825 1935 1011 1986 orabat
1041 1935 1107 1986 ad
1135 1936 1451 2000 Dominum,
1489 1937 1627 1987 sicut
1655 1938 1703 1988 ei
1729 1956 1845 1988 mos
1873 1944 1986 1989 erat
2014 1956 2222 2004 semper

289 2007 355 2058 ab
375 2007 606 2059 infantia
626 2025 736 2070 sua,
768 2013 821 2058 et
848 2025 1057 2074 semper
1084 2007 1133 2058 ei
1157 2007 1278 2071 fuit,
1309 2008 1565 2075 quamdiu
1584 2009 1717 2060 vixit
1745 2028 1868 2061 cum
1893 2009 2218 2060 hominibus.

288 2080 422 2130 Erat
464 2085 646 2130 autem
691 2079 853 2130 etiam
899 2079 1001 2130 sibi
1045 2097 1160 2130 mos
1206 2098 1414 2148 semper
1457 2081 1660 2132 intrare
1710 2082 1766 2132 in
1817 2081 2221 2148 frigidissimam

290 2169 484 2218 aquam
505 2157 724 2214 5601610,
750 2157 803 2202 61
824 2169 919 2202 5110
940 2151 1052 2202 5010
1079 2152 1317 2203 001151110.
1382 2153 1455 2203 Et
1479 2153 1581 2203 hoc
1607 2153 1841 2220 primum
1867 2153 1970 2204 fuit
1990 2154 2219 2205 miracu-

288 2223 405 2273 lum
426 2223 527 2274 sibi
552 2223 829 2274 Divinitus
849 2229 1141 2286 ostensum,
1170 2224 1312 2291 quod
1339 2242 1480 2287 cum,
1503 2225 1892 2277 dormientibus
1919 2226 2074 2276 sociis
2095 2226 2220 2289 suis,

290 2313 448 2362 super
486 2313 679 2362 pecora
711 2295 976 2362 vigilaret,
1018 2301 1071 2346 et
1101 2295 1159 2345 in
1186 2295 1407 2347 modum
1435 2297 1606 2347 crucis
1632 2297 1837 2364 positus
1865 2304 2058 2361 oraret,
2085 2298 2221 2348 vidit

289 2367 525 2418 animam
566 2366 712 2418 beati
752 2367 969 2431 Aidani,
1013 2367 1470 2419 Lindisfarnensis
1515 2369 1764 2438 episcopi,
1809 2369 1875 2421 ab
1917 2369 2121 2437 angelis
2162 2370 2217 2420 in

291 2440 482 2490 caelum
510 2439 721 2491 deferri.
792 2440 864 2490 Et
891 2439 1093 2503 statim,
1121 2458 1279 2492 mane
1305 2441 1465 2504 fact0,
1498 2442 1672 2492 noluit
1700 2442 1928 2510 amplius
1954 2442 2222 2494 custodire

287 2529 499 2578 pecora,
529 2511 622 2562 sed
649 2511 867 2562 domino
895 2530 991 2563 5110
1017 2511 1268 2576 reddidit,
1298 2518 1351 2564 et
1379 2513 1447 2564 ad
1472 2513 1860 2565 monasterium
1886 2514 2028 2582 quod
2055 2514 2218 2566 Meil-

288 2602 377 2634 ros
407 2589 629 2635 vocatur
665 2583 781 2646 ivit,
822 2589 876 2635 et
912 2583 977 2635 ad
1013 2584 1174 2651 pedes
1210 2585 1382 2635 sancti
1418 2585 1627 2636 abbatis
1654 2586 1824 2637 Bosili
1862 2605 1985 2638 cum
2023 2605 2221 2654 magna

291 2655 573 2707 devotione
601 2656 809 2719 cecidit,
852 2662 905 2707 et
932 2656 980 2707 ei
1007 2656 1260 2723 quicquid
1285 2657 1491 2708 viderat
1519 2657 1585 2709 de
1613 2658 1792 2709 anima
1816 2659 1961 2710 beati
1987 2658 2220 2726 episcopi

293 2727 582 2794 diligenter
606 2727 862 2778 indicavit
887 2749 896 2779 :
940 2734 994 2779 et
1021 2728 1224 2791 statim,
1260 2734 1417 2780 tonso
1445 2735 1498 2781 et
1525 2736 1778 2782 coronato
1805 2731 1996 2798 capite,
2035 2749 2219 2782 mona-

289 2799 422 2850 chus
450 2799 672 2850 effectus
699 2805 799 2862 est,
841 2806 894 2851 et
925 2805 1111 2867 postea
1135 2800 1433 2851 theoricam
1462 2802 1833 2870 actualemque
1858 2803 2025 2853 vitam
2052 2821 2220 2870 usque

289 2870 348 2920 in
374 2871 536 2921 finem
561 2870 685 2922 vitae
711 2888 819 2921 suae
844 2871 979 2922 bene
1011 2871 1318 2923 custodivit.
1395 2873 1546 2924 Tunc
1588 2880 1803 2924 sanctus
1846 2874 2008 2925 abbas
2051 2875 2219 2925 Boisil

292 2941 477 2993 statim
502 2947 688 2992 notam
715 2943 843 2993 fecit
875 2942 990 3010 regi
1017 2941 1277 3010 Osvingio
1312 2950 1553 2995 sanctam
1582 2945 1837 2996 visionem
1873 2945 2019 2997 beati
2046 2947 2216 2997 Cuth-

289 3013 448 3076 berti,
489 3019 543 3064 et
584 3014 724 3080 quod
749 3014 941 3081 plenus
969 3021 1108 3065 esset
1136 3015 1343 3082 Spiritu
1371 3017 1586 3068 SanctO.
1657 3018 1807 3068 Tunc
1832 3035 1926 3068 rex
1953 3024 2006 3069 et
2034 3036 2220 3069 omnes

289 3085 536 3137 meliores
562 3085 730 3152 Angli
757 3085 1018 3136 dederunt
1056 3087 1257 3138 Sancto
1285 3087 1586 3139 Cuthberto
1613 3106 1829 3140 omnem
1854 3089 1993 3140 hanc
2020 3095 2220 3141 terram

290 3175 408 3225 quae
427 3157 572 3225 jacet
593 3157 752 3225 juxta
776 3158 997 3208 fluvium
1025 3158 1323 3222 Bolbenda,
1327 3169 1345 3199 9
1374 3177 1495 3210 011111
1522 3160 1606 3210 1115
1633 3161 1789 3224 villis,
1821 3162 2142 3229 Sugariple,
2168 3170 2221 3214 et

369 3277 388 3304 Ρ
419 3270 510 3310 'Phe
528 3270 621 3310 text
640 3268 863 3310 followed'
851 3283 898 3309 1n
913 3270 987 3310 the
1003 3269 1151 3310 earlier
1168 3272 1264 3322 part
1276 3271 1322 3311 of
1337 3270 1424 3312 this
1439 3272 1651 3313 tractate
1639 3285 1674 3312 15
1694 3273 1789 3313 that
1804 3274 1908 3314 used
1926 3274 1983 3325 by
1999 3274 2219 3326 Tvvysden,

286 3326 361 3366 the
381 3325 475 3365 MS.
496 3324 543 3364 in
563 3324 637 3365 the
657 3324 810 3365 Public
829 3324 1011 3377 Library
1030 3327 1074 3365 at
1094 3324 1363 3378 Cambridge,
1393 3340 1449 3366 no
1469 3327 1593 3368 other
1612 3341 1719 3381 copy
1739 3328 1870 3381 being
1888 3329 2046 3370 known
2066 3330 2113 3370 of
2137 3343 2222 3383 any

288 3379 523 3432 authority.

371 3444 388 3468 ‘1
419 3435 509 3475 The
529 3435 784 3484 Beaumont,
805 3447 852 3474 or
872 3434 1112 3485 Bowmont,
1132 3435 1235 3475 11565
1250 3448 1306 3475 011
1321 3436 1395 3477 1116
1415 3438 1601 3477 confines
1622 3437 1669 3477 of
1684 3437 1884 3490 England
1903 3439 1987 3479 and
2008 3439 2221 3490 Scotland,

287 3491 372 3531 and
402 3491 510 3531 after
532 3490 588 3530 its
611 3467 856 3530 confluehce
882 3489 988 3529 with
1007 3491 1081 3530 the
1100 3468 1284 3542 'Collega
1316 3504 1501 3532 assumes
1521 3493 1595 3533 the
1615 3506 1739 3534 name
1761 3494 1807 3534 of
1833 3494 1957 3545 Glen,
1986 3473 2221 3536 celebrated

286 3546 333 3586 in
354 3545 607 3587 connection
627 3544 731 3585 with
750 3545 825 3585 the
844 3544 1154 3586 ministraticus
1175 3522 1244 3586 oso
1245 3546 1466 3587 Paulinus

371 3600 763 3652 Sowerhopeshill
786 3601 853 3649 (or
872 3600 1012 3650 shiel),
1047 3613 1102 3640 on
1137 3613 1217 3641 one
1249 3601 1294 3641 of
1319 3601 1393 3642 the
1424 3601 1583 3642 loftiest
1609 3603 1855 3644 mountains
1882 3603 1924 3643 in
1947 3604 2020 3644 the
2041 3604 2222 3645 Oheviot

287 3669 433 3708 range,
464 3669 518 3697 on
550 3656 623 3696 the
655 3655 877 3708 boundary
897 3655 982 3696 line
1012 3656 1201 3696 between
1231 3656 1304 3697 the
1334 3658 1417 3697 two
1443 3657 1608 3709 16611115,
1640 3661 1665 3678 “
1681 3672 1735 3699 an
1765 3658 1993 3711 exoeeding
2013 3659 2118 3711 high
2138 3659 2221 3699 and
