2384 4126
328 374 361 421 2
562 362 566 367 “
601 360 604 364 ⁴
936 360 1207 421 srirnoNrs'
1249 387 1642 421 DUNELMENSIS

328 514 481 565 riosae
507 513 807 581 potestatis,
841 513 950 580 qui,
984 513 1280 565 delectatus
1308 529 1645 580 summopere
1670 510 1846 562 verbis
1863 510 2075 561 Divinae
2102 509 2252 577 agni-

326 586 508 648 tionis,
551 586 755 636 tinctus
783 592 863 637 est
889 586 1211 652 baptismate
1239 585 1442 636 salutis.
1527 584 1696 651 Cujus
1742 582 1920 633 studio
1959 583 2043 633 vel
2079 581 2256 649 sagaci

331 658 528 708 auxilio
571 658 769 724 ubique
816 658 1154 709 ecclesiarum
1203 657 1308 708 Dei
1349 657 1572 707 diffusus
1614 661 1694 706 est
1739 661 1930 716 statUS,
1977 659 2030 705 et
2074 671 2256 705 rerum

330 748 547 780 suarum
583 730 867 781 collatione
902 730 1140 780 fidelium
1172 729 1453 779 roboratus
1493 728 1672 779 extitit
1708 732 2016 777 conventus.
2095 725 2256 776 Unde

329 802 484 868 regni
533 802 844 852 monarchia
895 801 1240 852 solertissime
1290 819 1385 867 pro
1436 800 1538 850 sibi
1587 799 1738 849 illato
1782 816 1935 866 posse
1981 797 2255 865 disposita,

329 879 553 924 vocante
601 873 769 941 (sequi
808 873 950 924 enim
988 873 1130 923 inter
1168 873 1348 923 omnia
1385 873 1601 938 fecerat)
1644 870 1779 938 justi
1817 869 2258 921 Remuneratoris

333 945 635 1008 clementia,
665 945 967 996 carnalibus
992 945 1248 1012 privatur,
1290 950 1343 995 et
1371 944 1436 995 ad
1464 944 1630 994 ardua
1655 942 1868 994 aetheris
1897 960 2018 993 cum
2046 940 2258 992 Sanctis

329 1023 651 1084 regnaturus
691 1017 1009 1067 sustollitur.
1102 1016 1249 1066 Huic
1287 1033 1411 1067 vero
1448 1015 1505 1065 in
1544 1015 1822 1082 regiminis
1861 1014 2254 1064 sumministra-

330 1089 478 1140 tione
506 1088 743 1139 succedit
771 1088 911 1138 filius
937 1088 1265 1149 Eadbaldus,
1294 1088 1432 1138 sicut
1460 1088 1700 1154 superius
1726 1086 1935 1153 praefati
1962 1104 2162 1148 sumuS,
2193 1085 2257 1135 de

333 1179 437 1227 quo
463 1166 811 1227 procreantur
836 1160 951 1210 bini
975 1160 1170 1226 regalis
1197 1159 1376 1225 stirpis
1403 1159 1518 1221 filii,
1550 1158 1947 1209 Eormenredus
1974 1164 2027 1209 et
2053 1159 2254 1208 Ercon-

330 1232 578 1299 byrhtus,
608 1249 835 1298 quorum
856 1231 1040 1298 junior
1065 1230 1356 1297 imperialis
1382 1230 1743 1297 principatum
1768 1230 1939 1296 regni,
1971 1235 2123 1296 patre
2150 1229 2256 1279 dis-

329 1310 581 1370 ponente,
629 1303 877 1369 suscepit.
970 1304 1100 1353 Post
1146 1308 1328 1353 autem
1371 1301 1737 1369 Erconbyrhti
1781 1302 2074 1363 decessum,
2117 1301 2259 1351 filius

330 1376 514 1442 ipsius,
532 1375 750 1425 nomine
769 1374 1134 1443 Ecgbyrhtus,
1155 1374 1291 1424 illud
1316 1379 1564 1441 potenter
1591 1373 1922 1440 gubernavit.
1999 1374 2259 1423 Eormen-

332 1447 492 1499 redus
526 1465 650 1498 vero
696 1448 866 1514 major
913 1447 1112 1513 absque
1153 1446 1367 1513 imperii
1407 1446 1644 1496 dominio
1684 1445 1743 1495 in
1786 1445 1948 1513 hujus
1995 1445 2260 1496 caducalis

331 1519 454 1569 vitae
491 1519 787 1586 permansit
824 1518 1049 1569 volubili
1088 1518 1291 1569 stadio:
1335 1518 1423 1569 cui
1443 1519 1592 1586 justo
1619 1536 1683 1568 ex
1709 1517 2008 1585 justissima
2035 1517 2261 1584 conjuge

329 1591 446 1642 nati
485 1596 610 1641 sunt
649 1590 746 1641 filii
785 1590 908 1653 duo,
951 1591 1043 1658 qui
1079 1590 1273 1641 nutriti
1310 1590 1368 1640 in
1408 1590 1567 1641 herili
1600 1590 1825 1641 caelestis
1852 1589 2017 1657 Regis
2043 1589 2259 1656 palatio,

330 1662 665 1713 multimodis
704 1668 830 1713 sunt
870 1663 1028 1713 ditati
1062 1668 1275 1713 aeternae
1316 1662 1499 1729 gloriae
1534 1680 1757 1713 munere
1789 1663 1990 1729 Regio3
2033 1679 2258 1728 quorum

331 1753 472 1785 unus
523 1740 772 1785 onomate
822 1734 988 1785 nituit
1033 1734 1400 1798 AEthelredus,
1454 1734 1589 1785 alter
1633 1752 1757 1785 vero
1801 1734 2059 1784 vocabulo
2109 1733 2261 1783 fulsit

331 1806 765 1874 AEthelbyrhtus.
842 1807 1095 1873 Namque
1133 1807 1191 1856 in
1230 1824 1415 1858 eorum
1452 1806 1620 1857 natali
1662 1806 2015 1869 sanctissimo,
2060 1805 2259 1868 cuncti,

331 1885 393 1929 ut
419 1896 617 1942 remur,
656 1878 827 1930 laetati
854 1885 979 1929 sunt
1006 1879 1286 1930 beatorum
1320 1878 1606 1945 spirituum
1633 1878 1847 1929 ordines
1872 1878 1930 1928 in
1957 1878 2103 1941 caelo,
2138 1878 2263 1944 quia

333 1969 466 2018 quos
492 1951 550 2000 in
575 1951 733 2001 terris
760 1951 1017 2002 destinari
1053 1951 1472 2018 conspiciebant,
1511 1950 1654 2018 ipsos
1680 1950 1927 2001 fortiores
1953 1956 2073 2017 post
2099 1950 2261 2017 hujus

331 2023 456 2074 vitae
502 2023 680 2090 gravia
726 2023 1021 2074 certamina
1067 2023 1133 2074 ad
1178 2041 1233 2074 se
1277 2022 1544 2074 redituros
1588 2022 1860 2073 videbant.
1940 2022 2137 2073 Gavisa
2182 2028 2262 2073 est

331 2095 541 2146 telluris
583 2094 904 2158 sublimitas,
948 2113 1003 2146 se
1038 2095 1217 2146 ornari
1257 2095 1493 2146 sentiens
1530 2094 1757 2161 duplicis
1799 2094 1926 2145 doni
1962 2094 2166 2161 gratia,
2208 2100 2262 2145 et

332 2167 458 2234 quia
496 2185 560 2218 ex
595 2167 763 2217 nimio
801 2167 1096 2218 mulctatur
1140 2167 1525 2218 contrariorum
1578 2166 1891 2230 infortunio,
1950 2185 2004 2217 se
2057 2184 2265 2233 semper

333 2245 510 2306 sperat
548 2239 895 2292 immeliorari
926 2239 1023 2289 tali
1055 2239 1307 2290 subsidio.
1388 2239 1707 2289 Gratulatur
1744 2239 1962 2305 insuper
2001 2244 2054 2289 et
2091 2244 2266 2289 mater

334 2317 520 2361 sancta
560 2311 802 2373 ecclesia,
843 2311 971 2362 dum
1010 2311 1092 2362 sui
1118 2317 1271 2362 tanto
1300 2311 1493 2378 Sponsi
1519 2311 1822 2361 illustratur
1849 2310 2116 2374 dotalicio,
2159 2328 2263 2377 quo

334 2389 387 2434 et
421 2383 737 2434 meritorum
769 2383 889 2434 luce
924 2383 1117 2434 melius
1151 2383 1506 2451 resplendeat,
1551 2389 1604 2434 et
1644 2401 1852 2450 semper
1888 2383 1946 2433 in
1985 2383 2264 2433 sanctioris

331 2455 694 2506 rectissimum
735 2455 1004 2522 aequitatis
1046 2455 1261 2507 culmen
1302 2464 1520 2506 crescat.
1602 2456 1783 2523 Hujus
1817 2473 2010 2522 nempe
2044 2455 2261 2522 praecel-

333 2527 497 2578 lentis
524 2527 781 2578 doctrinae
806 2533 961 2578 utero
987 2527 1188 2590 traditi,
1228 2533 1291 2579 ut
1318 2528 1431 2578 sine
1459 2527 1721 2578 accuratis
1749 2527 2041 2594 disciplinae
2066 2527 2261 2593 magis-

333 2599 486 2649 tralis
505 2599 788 2665 loquamur
808 2599 1145 2666 eloquentiis,
1165 2599 1339 2666 primo
1360 2599 1601 2650 omnium
1626 2599 1684 2649 in
1704 2599 2041 2651 serenissimo
2069 2607 2266 2650 sanctae

334 2670 702 2721 meditationis
741 2670 887 2721 illius
929 2671 1176 2734 sacrario,
1221 2671 1394 2721 nitido
1439 2671 1688 2722 salutaris
1730 2690 1879 2739 aquae
1920 2677 2045 2722 sunt
2094 2670 2265 2722 abluti

336 2741 669 2809 baptisterio,
704 2742 762 2792 in
799 2743 950 2810 cujus
982 2743 1101 2809 puri
1134 2749 1338 2810 septem
1366 2743 1619 2810 gradibus
1644 2743 1865 2810 liquoris
1904 2750 2106 2810 septem
2140 2749 2266 2794 sunt

339 2813 517 2865 sortiti
543 2814 683 2864 dona
710 2813 941 2880 Spiritus
975 2815 1178 2879 Sancti,
1217 2815 1503 2881 episcopali
1540 2814 1913 2866 benedictione
1952 2815 2170 2882 perfusi,
2211 2821 2265 2866 et

340 2891 525 2936 sancto
564 2885 812 2936 crismate
852 2885 1094 2937 delibuti.
1185 2886 1396 2938 Quibus
1435 2886 1670 2953 undique
1710 2887 2083 2938 decentissime
2121 2887 2264 2950 fulti,

338 2957 514 3008 vivere
541 2957 864 3008 studuerunt
889 2957 1123 3025 virgines
1151 2964 1204 3010 et
1231 2976 1448 3025 corpore
1475 2965 1660 3009 sancto
1695 2960 1990 3023 tenerrimi,
2032 2960 2265 3026 septenis

343 3029 551 3080 dierum
572 3029 867 3093 curriculis,
889 3035 968 3094 ut,
998 3036 1198 3097 septem
1222 3031 1417 3098 septies
1439 3032 1800 3098 augmentatis
1821 3037 1874 3083 et
1894 3032 2122 3082 monade
2144 3050 2267 3098 sup-

340 3101 533 3168 posito,
574 3101 857 3168 singularis
894 3102 952 3152 in
989 3102 1239 3169 praesenti
1268 3103 1379 3154 vita
1414 3103 1756 3171 adquirerent
1786 3104 2023 3154 fructum
2055 3103 2266 3171 jubilei,

341 3173 444 3224 hoc
471 3178 551 3224 est
579 3191 780 3224 annum
807 3179 1021 3225 aeternae
1040 3174 1330 3225 felicitatis.
1399 3176 1521 3226 Hoc
1542 3175 1767 3227 deinde
1753 3176 2048 3243 insignium
2069 3175 2267 3226 illustii

345 3263 473 3296 cura
496 3245 758 3295 virtutum
785 3245 1055 3312 duplicato
1092 3264 1309 3314 corpore
1345 3253 1399 3298 et
1438 3247 1634 3311 anima,
1673 3254 1793 3315 post
1830 3254 2107 3315 peractum
2144 3247 2267 3298 vitae

344 3335 577 3380 cursum,
617 3316 854 3367 fructum
892 3324 1142 3384 caperent
1178 3319 1530 3370 centesimum
1567 3319 1938 3371 sacratissimis
1968 3319 2266 3386 virginibus

344 3394 731 3440 consecratum.
808 3389 1042 3455 Egregia
1078 3408 1311 3457 namque
1344 3391 1583 3458 insignes
1616 3391 1789 3442 forma
1823 3391 2141 3453 sanctitatis,
2175 3410 2264 3458 ap-

342 3461 565 3511 tissimis
603 3460 838 3511 devincti
877 3461 1115 3512 caritatis
1152 3462 1333 3525 radiis,
1374 3480 1584 3514 cernuae
1617 3463 1909 3530 locupletes
1943 3463 2267 3513 humilitatis

345 3533 548 3596 officiis,
586 3532 943 3584 inevincibilis
976 3538 1060 3593 ter
1092 3533 1237 3584 beati
1272 3534 1543 3600 patientiae
1577 3535 1767 3597 titulis,
1804 3534 1967 3602 largis
1993 3553 2088 3602 pro
2113 3552 2266 3601 posse

343 3606 629 3672 fungentes
685 3605 1097 3656 elemosinarum
1154 3605 1361 3668 studiis,
1424 3606 1779 3657 indeficientis
1836 3602 2267 3674 praecordialibus

345 3677 601 3728 orationis
629 3677 829 3744 compti
853 3676 1162 3744 privilegiiS,
1199 3683 1252 3729 et
1282 3677 1527 3745 plurimis
1562 3678 1737 3729 Patris
1768 3678 2054 3745 spirituum
2090 3678 2264 3729 debri-
