2384 4126
283 343 388 393 170
866 357 1122 391 HISTORIA
1162 357 1625 392 TRANSLATIONUM

280 503 383 552 que
428 484 530 536 sibi
568 485 1004 536 transverberans
1050 485 1117 537 ad
1161 503 1251 537 cor
1300 504 1470 554 usque
1516 504 1673 536 suum
1714 485 2058 553 pertingeret,
2102 484 2205 535 sibi

278 558 454 608 visum
475 575 588 608 esse
607 558 1021 625 protestabatur.
1086 558 1204 610 Nec
1229 558 1384 626 plura
1402 558 1633 622 locutus,
1654 558 1712 608 in
1732 565 1931 609 terram
1952 575 2204 608 corruens

279 630 654 692 volutabatur3
697 630 877 697 sicque
904 630 1185 698 gemendo,
1220 631 1496 693 ululando,
1535 631 1892 698 dentibusque
1932 629 2205 680 stridendo

280 721 437 770 quani
476 703 708 769 graviter
743 703 1089 766 cruciaretur,
1127 709 1241 753 tam
1280 703 1622 754 audientibus
1667 721 1828 771 quam
1864 701 2204 754 intuentibus

281 775 548 842 patefecit.
627 775 874 842 Denique
902 794 932 825 a
958 775 1068 825 suis
1101 776 1167 826 ad
1200 775 1494 843 hospitium
1530 775 1858 843 deportatur,
1898 792 1996 825 nec
2035 792 2207 824 unum

281 854 468 915 postea
500 847 723 898 verbum
761 847 1103 914 proloquens,
1148 847 1206 897 in
1246 848 1447 899 eisdem
1484 848 1769 898 tormentis
1811 847 1877 898 ad
1918 846 2024 897 diei
2061 845 2210 897 tertii

283 920 509 971 eandem
549 937 719 986 usque
756 919 945 970 horam
980 919 1288 986 supervixit.
1369 920 1475 971 Sed
1514 927 1567 971 et
1607 920 1700 970 illo
1740 919 1960 970 tandem
2000 918 2078 970 ita
2118 919 2208 969 de-

282 992 470 1042 functo
498 997 657 1059 atque
683 992 910 1058 sepulto,
938 992 1061 1042 talis
1087 997 1377 1059 tantusque
1409 992 1474 1042 de
1499 992 1710 1043 tumulo
1735 991 1901 1060 ipsius
1928 991 2084 1042 faetor
2117 1008 2213 1057 per

284 1064 567 1114 dimidium
594 1063 827 1131 spatium
854 1063 982 1113 anni
1009 1063 1294 1127 exhalavit,
1338 1070 1399 1114 ut
1424 1064 1523 1115 viae
1557 1064 1849 1115 transitum
1890 1081 1983 1131 per
2016 1063 2072 1113 id
2105 1063 2212 1113 loci

284 1154 469 1187 omnes
495 1136 763 1203 fugerent.
844 1136 965 1187 Hoc
1005 1153 1131 1202 ergo
1172 1136 1416 1203 exemplo
1451 1136 1646 1186 Comes
1685 1136 1799 1202 ipse
1844 1153 1967 1185 cum
2008 1135 2215 1186 caeteris

285 1208 554 1270 omnibus,
595 1207 788 1275 quibus
825 1207 942 1258 haec
979 1208 1139 1275 longe
1182 1207 1396 1274 lateque
1440 1214 1570 1258 tunc
1607 1207 1973 1270 innotuerant,
2014 1214 2216 1274 perter-

284 1281 437 1344 ritus,
478 1298 589 1330 non
633 1280 779 1330 hunc
822 1279 1052 1331 ulterius
1098 1297 1286 1347 capere
1331 1279 1705 1347 praesumebat,
1749 1279 1841 1331 sed
1886 1285 2069 1347 postea
2106 1298 2216 1330 non

285 1371 475 1421 parum
524 1352 788 1403 honorare
839 1351 1148 1419 incipiebat.
1244 1353 1382 1403 Tum
1435 1370 1644 1419 quoque
1695 1370 1880 1403 omnes
1933 1351 2025 1419 qui
2076 1357 2136 1401 ut
2188 1370 2218 1402 a

285 1424 612 1477 monasterio
652 1424 1092 1475 abstraherentur
1131 1443 1186 1475 se
1231 1424 1315 1475 vel
1354 1424 1547 1476 saltem
1587 1424 1918 1475 consensisse
1956 1424 2216 1474 memine-

287 1504 434 1561 runt,
474 1497 702 1548 similem
743 1496 846 1548 sibi
889 1502 1194 1548 metuentes
1237 1496 1518 1560 ultionem,
1563 1497 1758 1547 collata
1801 1497 1867 1547 de
1912 1496 2071 1548 rebus
2111 1496 2219 1546 suis

290 1570 405 1621 auri
447 1576 500 1621 et
542 1569 753 1637 argenti
794 1588 1235 1637 gemmarumque
1279 1588 1389 1620 non
1432 1569 1642 1620 modica
1689 1568 2011 1636 quantitate,
2064 1587 2222 1636 super

288 1642 585 1694 beatissimi
622 1641 956 1693 Confessoris
997 1642 1302 1709 sepulcrum
1341 1642 1656 1704 offerebant,
1693 1641 1880 1691 multis
1916 1659 2038 1692 cum
2065 1641 2221 1692 lacri-

289 1715 391 1766 mis
428 1714 641 1766 veniam
678 1714 1048 1781 implorantes,
1093 1721 1146 1765 et
1180 1714 1258 1764 nil
1299 1715 1406 1765 tale
1444 1714 1671 1765 ulterius
1713 1732 1768 1764 se
1802 1720 2222 1781 praesumpturos

284 1789 547 1856 jurantes.
626 1788 762 1837 Mox
786 1786 969 1853 itaque
997 1805 1062 1838 ex
1086 1786 1188 1837 hac
1222 1787 1458 1854 ipsarum
1501 1786 1773 1837 oblatione
1809 1786 2021 1836 mirifici
2048 1786 2220 1853 operis

291 1878 438 1923 crux,
467 1865 520 1910 et
545 1859 949 1926 incomparandi
974 1859 1132 1926 pretii
1158 1865 1337 1910 textus
1365 1859 1783 1926 Evangeliorum
1811 1876 1939 1909 auro
1968 1858 2219 1925 gemmis-

291 1951 394 2000 que
444 1938 819 1999 perornantur,
873 1949 991 1999 quae
1041 1931 1099 1981 in
1151 1932 1338 1983 eodem
1389 1931 1715 1982 monasterio
1768 1931 1835 1981 ad
1883 1931 2045 1998 hujus
2089 1930 2220 1981 facti

288 2010 698 2056 monumentum
746 2022 914 2071 usque
959 2004 1012 2054 in
1057 2021 1287 2071 praesens
1329 2010 1625 2055 servantur.
1708 2004 1839 2054 Haec
1882 2021 2091 2070 quoque
2144 2003 2219 2053 sic

291 2084 441 2146 gesta
466 2077 628 2127 fuisse
655 2082 716 2127 ut
743 2076 1043 2139 scribimuS,
1087 2095 1117 2127 a
1150 2076 1380 2127 fratrum
1415 2076 1508 2144 qui
1533 2076 1711 2127 videre
1739 2082 1792 2127 et
1823 2075 1988 2143 ipsius
2016 2093 2104 2126 ore
2131 2075 2222 2143 qui

291 2151 366 2201 sic
393 2155 633 2201 evaserat
660 2167 770 2199 non
797 2150 963 2200 semel
991 2148 1307 2200 audivimus.

1203 2355 1305 2406 VI.

297 2473 577 2535 QuomodO,
624 2490 839 2539 corpore
882 2473 1049 2540 ipsius
1095 2472 1166 2522 ad
1208 2471 1696 2538 Liudisfaruensem
1737 2472 1964 2522 insulam
2004 2472 2223 2538 propiu-

437 2551 646 2612 quante,
671 2545 873 2613 fluctus
899 2545 1292 2611 empectuverz'nt
1319 2562 1581 2611 quousque
1609 2562 1783 2596 omues·
1814 2545 1971 2596 siccis
2001 2545 2226 2610 pedibus

438 2619 768 2669 transirent.0

401 2753 608 2803 Exacto
634 2751 828 2803 deinde
853 2769 1149 2818 paucorum
1175 2769 1400 2802 numero
1429 2769 1711 2814 annorum,
1741 2769 1865 2802 cum
1891 2750 2224 2802 excellentis-

296 2824 461 2875 simus
498 2842 592 2875 rex
627 2824 828 2891 primus
856 2824 1165 2875 Willelmus
1199 2842 1425 2890 regnare
1462 2824 1726 2891 coepisset,
1756 2823 2024 2875 Comitem
2059 2841 2225 2890 quen-

295 2897 437 2959 dam,
467 2896 804 2947 Rodbertum
830 2895 1106 2958 vocabulo,
1141 2895 1694 2946 Northamumbranae
1728 2895 1936 2962 regioni
1969 2895 2223 2962 praefecit.

298 2969 425 3032 Hic,
454 2986 575 3019 cum
601 2968 660 3018 in
687 2968 1022 3019 Dunelmum
1047 2968 1297 3030 venisset,
1336 2967 1402 3018 ab
1428 2968 1510 3017 his
1541 2967 1733 3034 quibus
1768 2967 2032 3017 dominari
2058 2967 2224 3017 debu-

297 3047 412 3093 erat
438 3040 852 3102 circumventus,
891 3058 1015 3090 mox
1052 3057 1175 3090 cum
1211 3039 1320 3089 suis
1360 3039 1610 3090 omnibus
1646 3039 1933 3090 crudeliter
1970 3039 2037 3089 ob
2075 3057 2227 3089 suam

298 3113 562 3164 occiditur
589 3112 980 3162 crudelitatem.
1057 3112 1188 3162 Non
1214 3111 1359 3162 enim
1385 3117 1447 3161 ut
1481 3117 1714 3162 rectores
1756 3117 1809 3162 et
1845 3111 2148 3162 defensores
2174 3129 2229 3162 se

297 3185 534 3252 regionis
580 3183 919 3245 exhibebant,
962 3183 1054 3235 sed
1098 3183 1300 3250 rapinis
1345 3189 1399 3234 et
1444 3183 1641 3250 stupris
1689 3183 1852 3234 etiam
1890 3183 1948 3233 in
1987 3183 2230 3250 legitima

299 3256 586 3309 saeviebant
612 3256 985 3306 matrimonia:
1027 3256 1171 3306 unde
1208 3273 1300 3306 rex
1337 3255 1669 3322 indignatus,
1714 3261 1777 3306 ut
1815 3262 2229 3323 praesumptores

297 3330 380 3380 illi
416 3329 580 3397 digna
613 3328 818 3379 ultione
856 3328 1237 3395 plecterentur,
1279 3328 1572 3378 exercitum
1612 3328 1741 3378 illuc
1779 3328 1990 3379 direxit.
2071 3328 2230 3381 Quod

297 3403 391 3453 ubi
430 3419 616 3453 eorum
655 3400 873 3451 auribus
913 3417 1096 3451 rumor
1135 3399 1450 3466 ingesserat,
1490 3400 1803 3451 innocentes
1846 3418 1994 3468 aeque
2035 3407 2096 3450 ut
2131 3418 2226 3450 no-

297 3481 478 3526 centes
505 3474 691 3541 fugam
716 3477 926 3540 parant,
965 3472 1057 3522 isti
1095 3489 1162 3522 ne
1199 3472 1341 3538 quod
1377 3479 1687 3523 meruerant
1726 3473 2113 3535 occiderentur,
2150 3472 2230 3522 illi

298 3566 366 3599 ne
394 3547 523 3598 dum
548 3546 862 3597 innocentes
896 3562 1008 3596 esse
1042 3544 1376 3595 nescirentur
1407 3562 1503 3612 pro
1540 3545 1859 3596 nocentibus
1885 3545 2223 3613 punirentur.

678 3688 692 3704 ⁰
723 3679 825 3720 This
845 3678 1014 3719 miraole
1034 3678 1068 3718 is
1089 3677 1268 3719 detailed
1288 3679 1345 3731 by
1366 3678 1550 3731 Symeon
1569 3678 1615 3719 in
1635 3679 1809 3731 chapter
1829 3679 1855 3720 1.
