2384 4126
280 364 385 414 186
869 380 1133 415 HISTORIA
1172 380 1637 415 TRANSLATIONUM

281 506 381 557 sub
402 511 674 558 tormento
695 508 885 558 mortis
909 527 939 559 a
957 514 1132 559 morte
1159 526 1386 575 puerum
1408 507 1713 570 servaverit,
1742 525 1810 558 ne
1832 506 1960 574 quid
1986 507 2222 558 ecclesiae

282 578 451 646 ipsius
504 580 848 647 profuturum
894 599 1011 632 esse
1055 581 1336 648 potuisset,
1388 581 1613 631 infantis
1657 580 1979 631 innocentiae
2030 597 2223 630 nocere

288 651 579 703 debuisset.

1159 827 1348 877 XVII.

292 932 553 991 Quomodo
570 933 806 999 pirama,
843 950 957 984 cum
993 950 1176 985 navem
1212 951 1327 984 cum
1354 934 1507 985 rebus
1542 934 1769 985 ecclesioe
1808 934 2142 997 abducerent,
2170 935 2226 984 in

430 1005 657 1071 ejusdem
684 1006 911 1056 ecclesiae
923 1007 1090 1072 juris,
1118 1006 1345 1056 insulam
1366 1005 1872 1072 Lindisfarnensem,
1894 1007 2068 1058 subita
2096 1013 2222 1058 tem-

423 1082 609 1142 pestas
635 1078 863 1143 ejecerit.

398 1211 503 1262 His
548 1218 602 1262 et
646 1210 977 1278 hujusmodi,
1020 1211 1222 1262 scilicet
1266 1211 1435 1274 novis,
1476 1229 1615 1262 nova
1660 1211 1899 1278 quotidie
1932 1212 2225 1263 succedunt

284 1283 563 1346 miracula,
605 1289 658 1334 et
686 1283 1028 1350 stupentibus
1066 1283 1240 1350 prima
1279 1284 1399 1351 plus
1437 1284 1643 1334 addunt
1670 1284 1902 1351 stuporis
1928 1285 2222 1352 sequentia.

288 1357 536 1409 Quorum
557 1356 749 1407 melius
776 1355 1008 1422 plurima
1029 1356 1262 1419 silentiO,
1290 1374 1359 1407 ne
1379 1356 1715 1407 incredibilia
1734 1356 2035 1420 videantur,
2066 1376 2225 1424 quam

286 1446 531 1480 sermone
574 1428 903 1479 honoramus
935 1428 1137 1479 infimo.
1219 1428 1326 1479 Sed
1359 1447 1427 1480 ne
1468 1428 1689 1479 omnino
1727 1429 2085 1496 praetermissa
2128 1448 2227 1480 nos

286 1501 623 1552 mirabilibus
660 1501 763 1552 Dei
802 1501 951 1552 velut
990 1501 1233 1567 ingratos
1271 1501 1576 1564 ostendant,
1618 1501 1818 1568 paucis,
1859 1519 1976 1569 quae
2012 1502 2223 1569 praemi-

287 1574 473 1637 simus,
512 1591 683 1641 pauca
707 1591 819 1624 non
845 1579 959 1624 tam
985 1573 1270 1625 efficaciter
1302 1592 1461 1641 quam
1488 1573 1748 1625 veraciter
1773 1574 2070 1625 enarrando
2098 1574 2221 1625 sub-

283 1646 568 1698 nectimus.
660 1645 829 1696 Navis
877 1645 1139 1712 quaedam,
1188 1646 1426 1697 ecclesiae
1476 1646 1705 1713 negotiis
1751 1646 2065 1710 inserviens,
2105 1647 2224 1698 loca

283 1719 493 1770 diversa
532 1718 808 1769 mercandi
853 1718 1027 1785 gratia
1076 1718 1349 1780 inviserat,
1404 1736 1504 1770 nec
1553 1737 1744 1786 parum
1796 1718 1986 1770 exinde
2036 1719 2223 1770 usibus

284 1790 599 1842 monasterii
638 1790 754 1858 ipsa
788 1790 1093 1857 praestabat.
1173 1790 1422 1843 Quadam
1448 1790 1562 1842 vice
1597 1809 1733 1841 onus
1768 1791 2074 1859 expositura
2100 1810 2220 1842 cum

284 1863 506 1915 domum
545 1862 851 1925 revertitur,
887 1881 1010 1914 cum
1048 1862 1208 1914 rebus
1244 1862 1452 1914 cunctis
1485 1863 1602 1930 ipsa
1634 1863 2009 1914 insidiantium
2043 1864 2223 1932 praeda

285 1936 512 2003 capitur.
589 1935 803 2002 Quippe
837 1953 1030 1985 manus
1064 1935 1453 2002 navigantium,
1489 1953 1713 1986 numero
1750 1936 1965 1986 infirma
1999 1942 2053 1987 et
2087 1955 2221 2003 pug-

287 2008 456 2059 nandi
479 2007 767 2075 imperitia,
803 2008 1046 2075 pluribus
1084 2013 1137 2059 et
1162 2008 1340 2058 navali
1370 2007 1552 2075 praelio
1584 2008 1886 2059 exercitatis
1913 2008 2056 2059 haud
2085 2009 2220 2059 diffi-

285 2080 386 2132 cile
408 2080 690 2132 succubuit
710 2080 866 2131 victa.
935 2080 1165 2143 Quibus,
1196 2080 1319 2148 quia
1345 2098 1455 2131 non
1480 2080 1640 2147 longe
1666 2080 1898 2142 fuerant,
1928 2081 1994 2131 ad
2020 2087 2221 2132 terram

283 2153 564 2221 pervectis,
604 2157 800 2220 praeter
835 2152 1004 2203 solam
1035 2152 1271 2203 animam
1305 2152 1384 2203 nil
1418 2153 1759 2204 truculentus
1785 2153 2002 2220 reliquit
2028 2153 2218 2220 pirata.

283 2226 465 2292 AEqua
488 2224 682 2276 deinde
718 2225 800 2275 sui
831 2225 1044 2276 numeri
1083 2231 1234 2292 parte
1269 2224 1326 2275 in
1356 2243 1548 2276 navem
1580 2243 1741 2292 quam
1768 2232 2018 2293 ceperant
2044 2232 2218 2276 trans-

283 2298 475 2366 posita,
523 2297 638 2348 vela
686 2297 861 2348 ventis
913 2297 1251 2349 committere
1302 2304 1589 2364 properant
1608 2318 1623 2360 3
1681 2303 1752 2360 et,
1805 2303 2042 2349 terrente
2094 2316 2219 2349 con-

286 2370 528 2433 scientia,
567 2369 687 2437 plus
733 2376 902 2421 terras
940 2388 1101 2437 quam
1137 2369 1308 2421 maria
1347 2369 1656 2421 formidant.
1733 2370 1876 2421 Vere
1910 2370 2049 2420 nihil
2082 2370 2218 2422 infe-

283 2443 441 2494 licius
485 2442 614 2493 mali
655 2442 1000 2506 conscientia,
1042 2460 1159 2510 quae
1201 2442 1330 2493 dum
1371 2461 1426 2494 se
1461 2442 1632 2509 ipsam
1671 2442 1882 2494 hostem
1913 2443 2126 2506 tolerat,
2167 2450 2221 2494 et

286 2533 447 2583 quem
491 2533 601 2566 non
642 2515 847 2582 patitur
890 2515 1102 2566 hostem
1155 2515 1395 2582 deputat.
1490 2515 1661 2566 Ecce!
1722 2532 1853 2582 quos
1894 2533 2055 2566 nemo
2099 2533 2218 2583 per-

286 2594 502 2639 secutus
528 2587 722 2651 fuerat,
761 2587 821 2637 in
845 2594 1034 2638 ventos
1073 2592 1126 2638 et
1157 2587 1335 2655 pelagi
1368 2587 1638 2655 profunda
1663 2605 1814 2638 mens
1842 2588 1982 2639 male
2010 2588 2221 2639 conscia

284 2660 454 2727 fugat.
535 2660 642 2711 Sed
687 2660 778 2727 qui
817 2660 1114 2711 Dominum
1149 2666 1304 2711 terrae
1345 2678 1405 2711 ac
1446 2660 1608 2710 maris
1652 2660 1922 2711 offendere
1961 2678 2072 2711 non
2111 2678 2222 2711 me-

285 2739 520 2795 tuerant,
548 2733 683 2800 Ejus
702 2750 801 2783 nec
818 2732 876 2782 in
892 2740 1036 2784 terra
1061 2732 1237 2783 necin
1252 2732 1388 2783 mari
1409 2732 1676 2801 judicium
1698 2732 1932 2800 effugere
1952 2732 2218 2783 valebant.

284 2804 534 2872 Denique
561 2822 683 2855 cum
705 2805 820 2870 jam
837 2805 983 2856 velut
1007 2805 1195 2872 rapina
1211 2805 1438 2855 saturati
1466 2805 1531 2855 ad
1557 2804 1771 2872 propria
1789 2804 2044 2867 redirent,
2067 2823 2188 2856 ecce
2210 2804 2219 2856 !

286 2876 352 2927 ab
379 2876 565 2927 Africo
592 2876 771 2927 subito
797 2876 1015 2928 turbine
1042 2877 1249 2940 oborta,
1288 2877 1402 2928 fera
1425 2877 1533 2927 illis
1558 2877 1796 2944 undique
1818 2877 1989 2944 surgit
2015 2877 2221 2944 hyems,

286 2955 340 3000 et
365 2966 516 2999 verso
556 2948 791 2999 concitat
830 2967 1042 3016 aequore
1081 2949 1294 3012 fluctus,
1335 2948 1613 3015 ventisque
1648 2948 1952 2999 furentibus
1984 2955 2038 2999 et
2065 2949 2223 3000 undis

284 3021 536 3072 feruntur
576 3038 681 3087 quo
716 3026 1007 3088 tempestas
1041 3021 1271 3087 impulit.
1352 3021 1474 3072 Quo
1511 3027 1689 3071 autem
1728 3020 2076 3087 impellantur
2113 3039 2223 3072 non

285 3099 505 3156 norunt,
535 3111 635 3143 nec
662 3092 790 3143 boni
811 3093 1084 3160 quippiam
1110 3111 1340 3159 usquam
1362 3110 1571 3159 sperare
1597 3098 1864 3159 poterant,
1893 3092 1985 3159 qui
2005 3092 2225 3144 malitiae

283 3171 479 3217 testem
505 3164 889 3216 conscientiam
915 3165 1232 3216 habuerant.
1310 3165 1420 3215 Aer
1446 3164 1679 3227 flatibus,
1711 3182 1859 3215 mare
1884 3165 2224 3232 persequitur

283 3237 553 3300 fiuctibus,
593 3243 737 3287 terra
763 3237 1012 3304 propellit
1039 3243 1204 3287 metu.
1286 3236 1498 3304 Sicque,
1541 3236 1736 3287 amissa
1775 3237 2061 3288 securitate
2098 3255 2223 3288 con-

283 3309 538 3372 scientiae,
566 3309 765 3376 ubique
794 3309 1089 3359 amiserunt
1116 3308 1460 3360 securitatem
1486 3308 1625 3360 vitae.
1704 3309 1858 3360 Inter
1884 3328 2002 3376 quae
2027 3327 2127 3360 nec
2156 3310 2223 3361 ad

283 3388 620 3433 momentum
648 3381 865 3448 quidem
891 3381 1003 3431 ulla
1029 3381 1112 3432 vel
1145 3381 1329 3449 requie
1356 3381 1441 3432 vel
1468 3399 1559 3448 spe
1597 3380 1986 3445 refocillantur,
2029 3382 2223 3448 quibus

282 3473 377 3522 per
402 3454 514 3505 dies
549 3454 803 3505 continue
843 3459 897 3505 et
934 3459 1122 3504 noctes
1160 3460 1393 3504 mortem
1430 3459 1626 3504 cuncta
1655 3454 1950 3504 minantur.
2029 3455 2223 3521 Itaque

283 3545 409 3578 cum
434 3527 615 3578 labore
643 3526 831 3576 mortis
859 3531 912 3577 et
938 3531 1089 3577 metu
1116 3525 1329 3592 gravius
1359 3544 1521 3593 quam
1540 3532 1714 3578 morte
1736 3525 2088 3593 agitarentur,
2113 3544 2222 3589 eos,

282 3598 462 3650 inedia
487 3605 541 3650 et
567 3598 818 3666 periculis
843 3597 1039 3665 partim
1066 3603 1406 3664 aegrotanteS,
1435 3598 1636 3665 pariter
1661 3615 1784 3649 vero
1811 3616 1996 3649 omnes
2021 3598 2224 3649 viribus

281 3671 585 3734 exhaustOS,
626 3671 682 3721 in
726 3670 1254 3723 Lindisfarnensium
1290 3670 1523 3721 insulam
1563 3670 1709 3738 ejicit
1754 3675 2061 3737 tempestas.
2139 3671 2221 3721 De
