2384 4126
330 413 437 464 214
965 430 1035 462 DE
1078 428 1312 463 REGIBUS
1353 428 1633 462 SAonICIs

937 595 1007 628 DE
1050 595 1284 628 REGIBUS
1324 594 1636 628 DEIRORUM.

440 692 603 744 Anno
639 691 704 743 ab
739 692 1110 743 incarnatione
1142 691 1365 742 Domini
1400 691 1549 754 D.lx.,
1588 691 1709 742 Elle
1745 690 1906 758 coepit
1940 707 2166 757 regnare
2199 689 2259 739 in

329 764 604 833 provincia
628 764 1254 831 Northanhymbrorum,
1284 763 1487 814 scilicet
1513 763 1572 813 in
1597 763 1780 826 Beira,
1821 769 1874 814 et
1900 762 2012 830 ipse
2038 762 2259 812 trahens

331 837 597 903 originem
622 836 765 887 unde
793 842 846 888 et
883 836 972 887 alii
1007 854 1158 903 reges
1184 836 1504 902 Anglorum,
1584 835 1751 886 Istius
1791 835 1912 887 Elle
1953 834 2156 886 mentio
2197 834 2258 884 fit

330 909 390 960 in
416 909 547 961 Vita
571 908 719 960 beati
743 910 902 976 Papae
929 907 1195 975 Gregorii.
1272 907 1541 975 Regnavit
1568 913 1750 959 autem
1774 926 1879 958 xxx
1905 907 2076 959 annis,
2156 906 2260 957 Cui

331 988 545 1033 mortuo
583 981 726 1031 filius
765 981 880 1048 ejus
916 980 1205 1031 Eadwinus
1246 980 1517 1031 successit.
1612 980 1716 1031 Sed
1763 997 1886 1031 cum
1927 997 2019 1031 rex
2064 978 2255 1030 Berni-

333 1054 541 1105 ciorum
578 1052 935 1114 Ethelfridus,
981 1069 1104 1103 cum
1150 1052 1333 1119 gloriae
1379 1057 1520 1103 esset
1571 1052 1965 1119 cupidissimus,
2019 1050 2259 1119 quamvis

334 1143 572 1177 sororem
597 1124 842 1176 Eadwini
887 1125 1107 1175 duceret
1143 1142 1385 1186 uxorem,
1431 1142 1556 1175 eum
1598 1142 1767 1191 regno
1811 1124 2051 1191 pepulit:
2100 1141 2259 1190 quem

332 1204 516 1249 tamen
556 1215 650 1248 rex
691 1196 1011 1247 Redwaldus
1047 1196 1286 1247 restituit
1323 1214 1509 1263 regno,
1550 1213 1677 1262 rege
1721 1195 2024 1246 Ethelfrido
2066 1195 2257 1246 occiso.

335 1269 605 1337 Regnavit
648 1287 805 1336 super
836 1268 1144 1320 Berniciam
1186 1268 1346 1319 simul
1387 1274 1441 1319 et
1482 1268 1703 1318 Deiram
1743 1268 1845 1336 xvij
1886 1267 2056 1318 annis.
2136 1267 2260 1319 Quo

331 1342 615 1393 interfecto
655 1341 713 1391 in
753 1359 935 1408 pugna
976 1359 1007 1392 a
1042 1340 1311 1392 Cedwalla
1348 1358 1474 1407 rege
1506 1340 1793 1391 Britonum
1830 1346 1884 1391 et
1924 1339 2109 1391 Penda
2133 1357 2259 1406 rege

332 1414 682 1477 Merciorum,
717 1413 950 1481 suscepit
975 1430 1071 1480 pro
1097 1413 1191 1463 illo
1216 1430 1444 1479 regnum
1471 1412 1779 1476 Deirorum,
1807 1412 1951 1463 unde
1976 1412 2090 1480 ipse
2115 1412 2256 1462 Ead-

330 1487 503 1538 Winus
535 1485 745 1554 generis
774 1485 1077 1553 prosapiam
1104 1485 1347 1548 duxerat,
1391 1484 1628 1548 Osricus,
1660 1485 1803 1535 filius
1828 1485 2006 1552 patrui
2033 1484 2130 1546 sui,
2168 1483 2259 1551 qui

332 1559 612 1610 Ealuricus
639 1558 959 1620 vocabatur3
1003 1558 1094 1625 qui
1132 1576 1364 1624 regnans
1394 1557 1414 1625 j
1453 1575 1611 1620 annO,
1652 1557 1856 1608 occisus
1898 1563 1978 1608 est
2018 1576 2048 1608 a
2087 1556 2256 1608 Cead-

329 1632 486 1683 Walla
525 1649 651 1698 rege
691 1631 1014 1698 Brytonum.
1091 1630 1302 1681 Deinde
1338 1629 1618 1680 Oswaldus
1660 1630 1940 1697 utriusque
1973 1628 2259 1697 provinciae

328 1722 559 1772 regnum
596 1704 651 1754 ix
691 1702 843 1753 annis
879 1702 1071 1753 tenuit.
1151 1702 1255 1753 Illo
1291 1701 1481 1764 occiso,
1519 1702 1784 1765 Oswinus,
1824 1703 1890 1753 de
1926 1702 2089 1769 stirpe
2120 1701 2260 1768 regis

330 1776 593 1839 Eadwini,
633 1775 877 1843 regnavit
902 1775 960 1824 in
986 1774 1166 1826 Deira.
1244 1775 1377 1825 Erat
1408 1774 1552 1825 enim
1578 1774 1719 1825 filius
1746 1774 1921 1826 Osrici
1950 1773 2257 1841 supradicti.

329 1850 411 1900 Eo
437 1848 738 1911 interfectO,
775 1847 983 1899 OsWius
1018 1865 1248 1913 regnum
1281 1846 1570 1898 Deirorum
1604 1846 1765 1897 simul
1799 1853 1851 1898 et
1887 1846 2262 1898 Berniciorum

330 1920 681 1989 gubernabat.
758 1919 1158 1971 Eathelwaldus
1201 1924 1385 1970 tamen
1428 1918 1570 1969 filius
1615 1919 1868 1981 Oswaldi,
1909 1919 2001 1985 qui
2038 1919 2096 1969 in
2130 1918 2258 1969 Dei-

328 2011 513 2045 rorum
556 1991 797 2060 partibus
840 1991 1118 2059 regnabat,
1165 1997 1418 2058 patruum
1469 2009 1625 2041 suum
1671 1991 1909 2042 Oswium
1954 2009 2090 2058 saepe
2137 2008 2262 2041 cum

330 2072 492 2133 gente
520 2065 869 2127 Merciorum,
903 2071 957 2115 et
984 2082 1108 2115 cum
1135 2063 1434 2115 Ceadwalla
1459 2081 1584 2130 rege
1611 2064 1915 2131 Brytonum
1942 2064 2136 2114 acriter
2160 2063 2260 2113 im-

329 2137 621 2206 pugnabat.
716 2137 1108 2188 Verumtamen
1160 2136 1411 2204 deinceps
1462 2136 1836 2187 Berniciorum
1886 2136 2160 2203 provincia
2210 2140 2265 2186 et

332 2211 621 2262 Deirorum
647 2227 819 2261 unum
846 2209 1049 2260 habent
1080 2226 1279 2276 regem.

575 2367 809 2401 REGNUM
849 2366 1065 2400 ANGLIAE
1107 2366 1196 2399 ITA
1236 2366 1618 2400 DIVIDEBATUR
1655 2367 2009 2407 ANTIQUITUS.

443 2466 560 2517 Rex
587 2464 813 2528 Cantiae,
844 2464 1110 2531 Hengest.

445 2540 557 2590 Rex
588 2536 940 2598 Merciorum,
970 2536 1173 2587 Penda.

443 2611 562 2661 Rex
589 2609 1025 2662 Occidentalium
1056 2609 1351 2672 Saxonum,
1381 2608 1590 2660 Cerdic.

444 2684 563 2733 Rex
591 2681 953 2734 Orientalium
984 2683 1279 2744 Saxonum,
1307 2681 1677 2733 Eathelbrich.

444 2756 562 2806 Rex
614 2753 976 2806 Orientalium
1026 2753 1349 2821 Anglorum,
1411 2754 1718 2818 Reodwald,
1781 2761 1834 2806 et
1884 2761 2072 2823 postea
2121 2755 2263 2807 Ead-

337 2826 589 2878 mundus.

445 2898 660 2949 Primus
684 2916 874 2965 regum
900 2897 1545 2965 Northamhymbrorum,
1574 2898 1689 2949 Ida.

446 2972 563 3022 Rex
589 2970 896 3033 Deirorum,
926 2969 1065 3032 Ella,
1092 2975 1247 3036 pater
1273 2969 1532 3020 Eadwini.

447 3043 564 3094 Rex
591 3042 981 3104 Berniciorum,
1009 3041 1410 3102 Eathelbertus,
1437 3047 1589 3108 pater
1617 3043 1671 3093 S.
1702 3043 1953 3094 Oswaldi.

447 3116 564 3166 Rex
592 3114 882 3165 Britonum
910 3113 1210 3176 Ceadwald,
1237 3113 1306 3164 i.e
1333 3113 1618 3166 Cadwalla.

450 3188 565 3238 Rex
592 3186 932 3237 Australium
961 3184 1278 3235 Saxonumss

447 3261 517 3310 In
565 3258 648 3309 his
691 3256 1014 3326 praescriptis
1062 3256 1277 3323 regibus
1321 3256 1659 3308 dividebatur
1703 3259 2001 3327 antiquitus
2050 3261 2266 3330 Angliae

336 3333 505 3385 totius
531 3348 760 3399 regnum
787 3330 852 3381 ab
879 3329 1247 3381 incarnatione
1274 3329 1498 3380 Domini
1533 3348 1673 3382 anno
1706 3334 2069 3397 ocoo⁰.xl⁰.ix⁰,
2096 3354 2266 3403 usque

337 3458 575 3510 Molbraeio,
616 3457 691 3510 qui
724 3458 873 3508 captus
911 3456 1052 3497 fuerat
1085 3470 1109 3496 a
1146 3458 1276 3498 fratre
1310 3471 1386 3499 suo
1420 3459 1653 3512 Willelmo,
1693 3462 1782 3515 ipse
1815 3463 1861 3504 in
1896 3466 2041 3507 eadem
2075 3468 2267 3508 custodia

336 3515 574 3557 diutissime
605 3512 806 3554 detinuit.
865 3512 1069 3562 Tandem,
1099 3516 1254 3565 rogatu
1280 3514 1488 3555 baronum
1509 3529 1686 3558 suorum
1706 3520 1890 3560 eundem
1909 3522 2132 3572 resolvens,
2163 3537 2263 3564 con-

336 3571 461 3612 cessit
493 3570 557 3611 illi
588 3571 757 3609 mutare
789 3567 923 3608 vitam
952 3567 1234 3620 habitumque
1268 3570 1525 3612 saecularem.
1585 3572 1684 3623 Qui,
1711 3573 1926 3626 ingressus
1959 3578 2265 3618 monasterium

337 3626 483 3667 Sancti
515 3624 673 3666 Albani
703 3624 781 3663 sub
811 3622 1068 3674 professione
1098 3624 1358 3674 monachica,
1384 3625 1542 3666 ibidem
1576 3628 1708 3668 vitam
1742 3630 1892 3671 finivit.
1962 3631 2065 3673 Post
2099 3633 2265 3674 obitum

337 3680 519 3723 Henrioi
537 3680 648 3731 regis
667 3691 797 3731 nepos
816 3678 963 3729 ipsius,
995 3678 1249 3730 Stephanus,
1281 3680 1354 3732 qui
1376 3681 1413 3720 ei
1435 3682 1635 3722 successit
1653 3683 1699 3723 in
1720 3697 1916 3737 regnum.

422 3736 439 3761 ἢ
469 3736 561 3776 Not
579 3736 626 3775 in
646 3734 739 3775 MS.
762 3734 908 3785 Magd.
