2384 4126
264 376 332 424 56
874 389 1148 424 SYMEONIS
1189 388 1583 423 DUNELMENSIS

261 517 401 567 tium
427 533 552 568 vero
579 516 719 567 diem
744 516 891 567 venit
912 534 1035 567 cum
1055 516 1317 567 immenso
1339 515 1576 567 exercitu
1597 514 1663 565 ad
1682 514 1861 565 locum
1882 513 1974 581 qui
1996 513 2192 565 dicitur

261 588 739 652 Ederderandun,m
771 606 876 656 quo
905 590 1064 656 juxta
1095 588 1385 639 immensas
1411 588 1752 654 Paganorum
1781 586 2075 654 phalanges
2108 586 2189 635 in-

259 661 407 712 venit
445 666 658 728 paratas
695 679 818 711 cum
850 661 1015 712 densa
1053 660 1401 711 multitudine
1434 660 1500 710 ad
1530 659 1750 710 bellum.
1828 659 2029 709 Exorto
2065 658 2192 708 solis

255 733 447 800 jubare
473 733 864 800 limpidissimo,
907 750 998 783 rex
1027 739 1080 783 et
1114 750 1272 783 omne
1300 732 1460 783 decus
1487 749 1595 781 suae
1621 730 1792 798 plebis
1816 730 2110 781 induerunt
2137 748 2192 780 se

262 804 469 856 bellicis
496 805 791 866 ornatibus,
829 805 1033 855 scilicet
1063 804 1225 855 trilici
1258 810 1440 854 toraca
1464 803 1607 866 fidei,
1645 803 1773 870 spei,
1810 802 2193 869 charitatisque

261 877 383 928 Dei.
463 877 541 927 Hi
576 883 896 943 exurgentes
930 895 961 927 a
991 876 1103 927 solo
1135 875 1386 926 audacter
1417 875 1777 943 provocabant
1806 874 2101 925 incelebres
2129 873 2196 924 ad

261 949 484 1011 bellum,
513 949 578 1000 de
600 948 883 999 clementia
911 948 1218 998 Conditoris
1239 954 1513 1014 sperantes
1540 947 1727 1010 securi,
1758 965 1817 997 ac
1836 947 1975 997 vallo
1996 946 2194 996 muniti

263 1021 489 1071 astantis
514 1021 674 1087 regis,
704 1021 785 1088 cuj
796 1038 855 1070 us
881 1020 1062 1070 vultus
1088 1025 1149 1069 ut
1177 1020 1354 1086 angeli
1379 1019 1708 1086 splendentis
1733 1018 1960 1070 refulsit.
2033 1019 2191 1069 Com-

261 1092 527 1143 miserunt
563 1110 690 1159 ergo
729 1091 934 1142 bellum
973 1109 1068 1158 per
1107 1091 1271 1157 longa
1310 1097 1554 1158 tempora
1595 1090 1699 1141 diei
1740 1091 1952 1158 utrique
1990 1090 2192 1158 populi,

262 1182 489 1232 quorum
515 1181 671 1215 voces
698 1170 753 1214 et
779 1162 1082 1214 collisiones
1109 1180 1380 1213 armorum
1406 1180 1500 1229 per
1525 1163 1688 1229 longa
1720 1168 1986 1214 terrarum
2022 1162 2194 1230 spatia

263 1236 447 1287 audita
473 1242 616 1286 sunt.

375 1309 614 1359 Cernens
665 1306 834 1374 igitur
882 1306 1197 1373 Speculator
1245 1305 1474 1372 insignis
1525 1305 1751 1373 desuper
1801 1306 2044 1372 penetral
2095 1306 2194 1357 Sui

262 1379 465 1431 terreni
499 1380 641 1446 regis
668 1378 1013 1440 desiderium,
1042 1378 1303 1429 concessit
1330 1378 1378 1428 ei
1408 1378 1662 1445 angelicae
1686 1378 1967 1444 potestatis
2002 1378 2189 1429 suffra-

266 1452 430 1519 gium.
492 1452 549 1502 Is
577 1451 806 1519 denique
834 1451 1036 1518 potitus
1061 1450 1285 1501 victoria
1309 1450 1491 1501 hostes
1519 1468 1641 1501 suos
1666 1450 1970 1517 prostravit,
1994 1450 2194 1517 gratias

262 1524 494 1576 reddens
536 1541 745 1574 summo
774 1523 1038 1574 Salvatori
1069 1540 1192 1573 cum
1229 1522 1402 1573 cordis
1435 1522 1640 1574 laetitia.
1719 1523 1964 1589 Cumque
1989 1522 2192 1573 ibidem

262 1614 357 1648 rex
408 1614 530 1647 cum
573 1596 682 1646 suis
731 1595 1036 1662 legionibus
1103 1594 1378 1657 arrideret,
1420 1594 1627 1645 inimici
1683 1594 1775 1661 qui
1823 1601 2193 1645 remanserant

261 1668 429 1736 ipsius
464 1668 676 1735 magnis
711 1667 999 1736 ejulatibus
1035 1666 1309 1730 deflerent,
1337 1667 1405 1717 ob
1439 1667 1597 1717 famis
1634 1672 1688 1717 et
1721 1666 1935 1733 frigoris
1970 1667 2192 1718 austeri-

263 1747 434 1791 tatem
470 1746 629 1806 atque
654 1740 796 1790 tanti
835 1739 977 1806 regis
1012 1739 1277 1801 timorem,
1306 1744 1498 1805 rogant
1533 1738 1677 1806 pacis
1719 1739 2057 1790 clementiam
2104 1740 2194 1806 qui

266 1830 384 1864 eam
424 1830 633 1879 semper
669 1811 1077 1879 impugnabant.
1155 1811 1490 1861 Promittunt
1529 1810 1757 1873 obsides,
1799 1816 1852 1862 et
1884 1811 2194 1878 juramenta

263 1884 323 1934 in
388 1884 590 1936 dextris
659 1883 974 1935 extendunt.
1049 1883 1378 1934 Auscultans
1427 1882 1543 1934 haec
1602 1883 1783 1933 omnia
1830 1901 1942 1944 rex,
1995 1883 2191 1934 suatim

264 1961 444 2007 motus
485 1956 772 2007 clementia
812 1955 1058 2006 concedit
1100 1961 1296 2006 cuncta
1337 1955 1520 2022 petita.
1616 1955 1732 2005 Rex
1771 1972 1896 2005 vero
1933 1955 2192 2022 ipsorum,

266 2028 567 2081 Gutthrum
594 2034 864 2090 onomate,
892 2026 1261 2078 Christianum
1299 2045 1353 2078 se
1380 2027 1515 2078 velle
1541 2027 1654 2078 fore
1680 2031 1910 2078 testatus
1946 2034 2026 2078 est
2048 2049 2057 2078 :
2100 2029 2191 2094 qui

262 2101 361 2152 sub
387 2118 552 2151 manu
577 2099 805 2168 piissimi
830 2099 970 2166 regis
996 2100 1054 2149 in
1080 2098 1418 2166 baptismatis
1444 2099 1761 2166 purgatione
1787 2098 2040 2165 regaliter
2075 2118 2188 2150 sus-

260 2178 473 2240 sceptus
524 2178 621 2224 est.
712 2172 935 2223 Tinctus
980 2177 1061 2223 est
1111 2171 1255 2222 idern
1307 2171 1587 2222 Guderum
1631 2170 1952 2238 baptismate
2003 2172 2192 2222 salutis

261 2264 385 2297 cum
427 2244 545 2295 aliis
569 2244 697 2295 viris
729 2243 913 2295 electis
952 2262 1074 2305 xxx,
1102 2261 1260 2310 quem
1288 2260 1379 2294 rex
1407 2244 1680 2293 Saxonum
1721 2243 1778 2292 in
1816 2243 1987 2293 filium
2028 2243 2189 2310 adop-

257 2317 422 2368 tionis
449 2316 669 2384 accepit.
748 2316 876 2379 Qui,
903 2321 1188 2384 postquam
1213 2315 1515 2382 baptizatus
1537 2321 1634 2377 est,
1658 2314 1917 2366 duodenis
1943 2316 2193 2366 noctibus

261 2407 385 2440 cum
414 2389 529 2456 ipso
556 2388 756 2439 mansit
775 2388 832 2438 in
853 2406 1052 2455 magna
1079 2388 1249 2455 gloria
1264 2409 1279 2450 ,-
1323 2387 1410 2438 cui
1434 2387 1740 2454 Spiritualis
1761 2387 1923 2438 Pater
1942 2387 2116 2438 multa
2137 2394 2191 2438 et

257 2461 589 2513 inedicibilia
630 2460 859 2528 largitus
904 2466 985 2512 est
1031 2460 1189 2524 dona,
1232 2477 1293 2512 ac
1336 2460 1587 2512 omnibus
1628 2459 1721 2528 qui
1766 2458 2191 2511 Christianitatis

257 2533 419 2586 fidem
445 2538 843 2601 perceperunt.⁷²

1067 2750 1385 2786 DCCCLXXIX.

365 2831 528 2883 Anno
554 2831 855 2883 Dominicae
879 2831 1267 2883 incarnationis
1293 2831 1637 2897 Dccc.lxxix.,
1655 2832 1957 2884 nativitatis
1982 2833 2190 2885 Elfredi

256 2902 397 2970 regis
432 2903 610 2971 xxviij,
646 2903 932 2970 praedictus
965 2904 1307 2971 Paganorum
1343 2905 1608 2956 exercitus
1643 2905 1708 2956 de
1745 2905 2099 2972 Cippanham‚
2128 2915 2190 2956 ut

254 2974 593 3041 promiserat‚'
620 2993 947 3042 consurgens
975 2976 1311 3028 Ci'rencestre
1340 2977 1489 3040 adiit,
1519 2995 1635 3044 quae
1664 2977 1979 3028 Britannico
2008 2978 2186 3045 appel-

255 3046 401 3097 latur
446 3047 620 3113 elogio
665 3047 916 3110 Cairceri,
955 3047 1138 3114 ibique
1182 3066 1276 3116 per
1319 3049 1480 3099 unius
1532 3049 1658 3099 anni
1704 3067 1920 3099 cursum
1971 3050 2186 3101 mansit.

258 3118 384 3184 Ipso
435 3136 645 3185 quoque
697 3137 838 3169 anno
880 3119 1177 3170 immensus
1217 3120 1364 3171 venit
1416 3122 1756 3188 Paganorum
1808 3121 2072 3172 exercitus
2125 3122 2189 3173 de

252 3190 620 3241 ultramarinis
662 3190 970 3241 climatibus
1010 3191 1068 3241 in
1112 3192 1364 3243 Tamensi
1408 3193 1598 3244 fluvio:
1644 3193 1735 3260 qui
1788 3193 2056 3244 adunatus
2107 3201 2188 3244 est

255 3262 560 3329 supradicto
579 3280 766 3325 cuneo,
787 3262 1072 3329 complices
1100 3264 1293 3327 effecti,
1317 3265 1458 3331 quod
1482 3283 1769 3332 pravorum
1787 3272 1882 3317 est.
1942 3266 2188 3334 Eclypsis

253 3333 397 3385 inter
422 3351 622 3385 nonam
649 3340 703 3385 et
727 3352 1002 3402 vesperam
1027 3335 1171 3386 facta
1197 3342 1277 3388 est
1304 3337 1492 3389 eodem
1519 3346 1699 3389 anno.⁰

336 3534 363 3551 ”¹
393 3524 844 3567 Ethandum—Asser.

336 3588 355 3605 ⁷¹
385 3580 513 3621 With
538 3582 612 3622 the
649 3581 871 3633 exception
896 3580 1111 3624 indicated
1135 3584 1279 3636 above,
1309 3585 1364 3626 all
1389 3586 1509 3628 these
1536 3586 1685 3628 details
1710 3600 1781 3628 are
1807 3587 1916 3628 from
1937 3585 2080 3637 Asser‚
2107 3586 2187 3626 but

252 3636 398 3689 placed
416 3637 473 3688 by
492 3636 585 3677 him
604 3636 649 3676 in
669 3637 744 3677 the
763 3637 992 3690 preceding
1009 3651 1122 3691 year.

338 3699 353 3716 ⁰
382 3690 523 3734 Asser.
