2384 4126
855 421 1044 456 SANCTI
1085 419 1412 455 CUTHBERTI.
1995 407 2096 455 185

178 550 351 601 relatu
375 548 643 615 patefecit,
664 566 732 599 ne
761 547 805 598 si
832 548 972 615 quod
996 554 1108 598 tam
1133 547 1417 614 magnifice
1443 546 1499 596 in
1526 544 1752 613 gloriam
1771 545 1876 596 Dei
1894 546 2098 596 factum

179 626 399 671 noverat
426 620 639 670 silentio
665 625 889 686 tegeret,
925 620 1184 671 offensam
1213 619 1354 686 apud
1380 619 1558 669 Deum
1583 617 1912 679 incurreret,
1954 618 2096 684 quia,

178 699 240 743 ut
267 692 341 742 ait
369 692 662 758 Scriptura,
686 693 1080 742 Sacramentum
1102 692 1240 758 reyis
1261 690 1573 741 abscondere
1595 690 1776 740 bonum
1798 694 1906 749 est;
1941 707 2097 755 opera

180 769 351 815 autem
377 765 479 814 Dei
504 765 734 815 revelare
760 769 810 815 et
837 763 1073 829 confiteri
1099 762 1437 828 honorificum
1465 760 1585 813 estst

1062 996 1199 1047 XVI
1207 1036 1217 1046 .

186 1113 422 1172 Qualiter
457 1110 749 1178 infantulus
788 1110 880 1161 sub
923 1110 1070 1161 trabe
1107 1110 1263 1160 bobus
1301 1126 1413 1159 eam
1455 1109 1784 1160 trahentibus
1818 1110 2098 1172 volutatus,

793 1200 887 1233 nec
914 1188 1086 1233 tamen
1104 1181 1277 1247 suerit
1305 1182 1470 1232 Zoesus.

289 1317 554 1385 Loquitur
592 1334 685 1383 per
726 1315 1050 1382 Prophetam
1095 1315 1378 1377 DominUS,
1429 1316 1726 1381 Quicunque
1764 1316 2098 1366 honoraverit

182 1391 291 1453 Me,
322 1390 629 1457 ylorificabo
671 1387 854 1438 illunis
943 1387 1175 1438 Proinde
1212 1387 1464 1454 quoniam
1504 1387 1692 1437 beatus
1734 1393 1885 1453 pater
1926 1387 2096 1437 Cuth-

180 1462 365 1513 bertus
404 1462 463 1511 in
503 1478 678 1522 carne,
723 1477 834 1510 non
879 1460 1171 1510 seeundum
1215 1477 1431 1510 carnem
1471 1458 1670 1521 vivenS,
1717 1459 1895 1509 Deum
1941 1477 2099 1526 super

181 1534 362 1584 omnia
401 1539 455 1584 et
494 1532 552 1583 in
588 1531 836 1583 omnibus
869 1531 1132 1582 honorare
1170 1549 1282 1581 non
1315 1530 1540 1593 destitit,
1577 1531 1726 1581 Deus
1759 1531 1914 1581 illum
1950 1537 2003 1581 et
2041 1531 2100 1580 in

183 1606 312 1656 caelo
363 1604 545 1672 gloriae
597 1622 706 1654 suae
753 1604 911 1654 beata
955 1602 1422 1669 contemplatione,
1470 1608 1524 1653 et
1573 1602 1630 1651 in
1674 1608 1817 1652 terra
1861 1602 2098 1669 quotidie

183 1677 564 1727 miraculorum
610 1675 873 1742 glorificat
917 1674 1235 1725 ostensione.
1328 1674 1509 1740 Digna
1549 1691 1676 1724 sane
1722 1674 1963 1723 omnium
2008 1674 2097 1724 ad-

181 1749 463 1800 miratione
485 1747 744 1814 quaedam,
772 1746 994 1812 indigno
1019 1746 1145 1796 licet
1173 1763 1431 1807 sermone,
1454 1745 1568 1812 jam
1595 1745 1935 1811 exposuimus
1952 1766 1966 1807 3
2000 1763 2099 1796 nee

183 1821 360 1871 minus
398 1820 480 1869 his
514 1819 835 1881 mirandum,
876 1818 1129 1884 quiddam
1156 1817 1479 1884 subjungere
1505 1816 1902 1883 temptabimus.
1980 1818 2099 1867 Nec

180 1892 309 1942 dum
351 1909 522 1942 annus
566 1891 759 1957 agitur,
807 1908 870 1941 ex
915 1907 1019 1956 quo
1065 1890 1131 1940 ad
1170 1889 1467 1951 ecclesiam,
1508 1907 1625 1956 quae
1662 1906 1808 1939 nunc
1851 1889 1909 1938 in
1951 1888 2096 1939 illius

179 1964 438 2015 honorem
462 1968 684 2014 venusto
712 1961 998 2012 admodum
1025 1979 1181 2028 opere
1206 1961 1515 2023 fabricatur,
1555 1960 1898 2027 profuturum
1926 1967 2096 2012 struc-

180 2042 316 2087 turae
347 2036 411 2086 de
442 2035 601 2101 longe
634 2034 842 2101 lignum
881 2033 1255 2084 advehebatur.
1334 2034 1519 2083 Tantae
1558 2038 1739 2083 autem
1779 2033 2097 2100 granditatis

179 2108 341 2158 fuisse
366 2107 693 2175 perhibetur,
720 2112 782 2156 ut
808 2124 916 2156 non
944 2106 1121 2155 minus
1150 2123 1311 2172 quam
1337 2111 1458 2156 octo
1483 2105 1647 2155 boum
1673 2110 1788 2155 toto
1816 2105 2097 2155 conamine

181 2180 421 2231 adhibito
472 2179 788 2229 traheretur.
881 2178 1123 2228 Ventum
1164 2182 1277 2228 erat
1321 2195 1485 2243 prope
1520 2176 1744 2243 januam
1792 2176 1958 2238 urbis,
2004 2176 2098 2227 ubi

179 2252 394 2319 fatigati
418 2251 576 2302 boves
604 2250 884 2317 paululum
909 2249 1167 2316 respirare
1196 2249 1464 2310 sinuntur,
1506 2254 1569 2298 ut
1603 2248 1862 2314 reparatis
1892 2248 2094 2299 viribus

181 2331 370 2374 contra
419 2323 616 2373 clivum
666 2321 874 2371 facilius
928 2322 1278 2381 eniterentur,
1333 2321 1551 2371 Interea
1599 2337 1887 2386 puerorum
1937 2320 2097 2371 turba

180 2393 599 2456 circumfluebat,
628 2410 787 2459 seque
812 2392 1034 2444 ludendi
1058 2392 1275 2443 levitate
1302 2391 1442 2442 circa
1469 2397 1521 2442 et
1549 2409 1710 2457 super
1735 2391 1871 2458 ligni
1891 2391 2093 2442 machi-

180 2486 308 2518 nam
339 2466 481 2517 Varie
519 2465 739 2516 ferebat.
816 2465 891 2514 At
916 2464 1010 2514 ubi
1037 2464 1311 2514 stimulato
1336 2463 1469 2514 bove
1495 2462 1672 2513 trabes
1700 2463 1900 2513 moveri
1926 2480 2095 2530 coepe-

179 2546 281 2602 rat,
324 2538 461 2588 forte
497 2537 719 2588 cadente
753 2536 1021 2587 infantulo
1064 2554 1181 2586 crus
1217 2535 1385 2602 ipsius
1419 2535 1577 2585 molis
1608 2534 1840 2601 pondere
1875 2540 1928 2585 et
1953 2541 2098 2586 terra

178 2610 534 2677 intercipitur,
576 2608 773 2675 diuque
804 2608 895 2658 ille
925 2608 1162 2674 impulsu
1191 2607 1327 2674 ligni
1354 2606 1614 2657 stridente
1645 2611 1871 2656 rotatur.
1948 2607 2095 2657 Duc-

178 2689 321 2734 tores
343 2682 486 2733 enim
505 2681 669 2731 boum
690 2697 874 2730 curam
899 2679 1159 2730 habentes
1184 2697 1294 2730 non
1319 2678 1514 2729 horum
1541 2678 1813 2746 quippiam
1833 2677 2094 2742 viderant,

177 2756 344 2806 donec
383 2771 515 2821 puer
548 2752 677 2803 fletu
711 2757 763 2802 et
799 2752 1004 2818 ejulatu
1037 2751 1395 2818 praecedentes
1435 2750 1502 2801 ad
1537 2768 1593 2801 se
1633 2750 1971 2800 liberandum
2011 2769 2094 2802 re-

175 2832 404 2878 vocaret.
480 2823 797 2875 Accurritur
823 2824 1008 2874 statim
1023 2845 1036 2885 3
1084 2823 1227 2873 facta
1257 2822 1570 2873 difficultate
1595 2840 1705 2872 non
1731 2822 1971 2884 minima,
2008 2823 2094 2873 vix

176 2898 441 2949 sexdecim
465 2897 700 2947 virorum
728 2902 843 2946 toto
871 2901 1066 2946 conatu
1097 2901 1263 2945 tantae
1290 2894 1446 2945 molis
1472 2894 1787 2961 magnitudo
1817 2894 2097 2960 paululum

177 2970 492 3039 quandoque
535 2969 758 3019 levatur.
875 2967 1128 3018 Mirabile
1170 2967 1335 3029 dictu,
1380 2966 1591 3033 lignum
1637 2966 1777 3033 quod
1816 2966 1927 3016 solo
1962 2984 2094 3033 pon-

177 3044 301 3094 dere
329 3042 489 3093 etiam
519 3058 644 3090 saxa
670 3045 942 3090 conterere
973 3044 1200 3106 poterat,
1239 3044 1484 3089 tenerum
1520 3056 1577 3088 os
1603 3038 1824 3088 infantis
1851 3038 2096 3104 frangere

177 3132 288 3165 non
313 3113 552 3164 valebat!
634 3112 769 3162 Cum
803 3111 947 3162 enim
983 3111 1135 3177 quasi
1164 3112 1276 3178 jam
1305 3108 1536 3161 contrito
1562 3109 1619 3159 in
1644 3110 1918 3176 pulverem
1945 3127 2097 3161 crure

179 3186 450 3252 exspirans
477 3184 794 3245 crederetur,
831 3183 1039 3249 integer
1069 3200 1177 3233 non
1204 3182 1378 3232 solum
1405 3200 1520 3232 osse
1548 3182 1640 3232 sed
1666 3188 1719 3232 et
1747 3199 1904 3232 carne
1929 3181 2098 3232 illaesa

179 3257 449 3323 recipitur.
527 3257 574 3307 O
616 3273 698 3306 res
740 3255 981 3305 omnium
1024 3260 1238 3321 stupore
1279 3253 1471 3320 digna!
1549 3254 1766 3320 Impetu
1800 3253 1954 3303 molis
1996 3253 2094 3303 cir-

183 3334 457 3380 cumactus
498 3327 674 3377 dolere
716 3327 931 3393 quidem
975 3327 1152 3393 potuit
1191 3333 1253 3376 ut
1294 3326 1567 3387 clamaret,
1606 3342 1717 3375 non
1761 3330 1821 3374 ut
1867 3325 2096 3375 salutem

185 3400 473 3451 amitteret.
565 3398 689 3448 Sola
734 3398 871 3448 cutis
909 3415 1193 3465 parumper
1228 3398 1515 3448 dilacerata
1553 3396 1851 3457 videbatur,
1893 3396 1984 3446 sed
2026 3396 2094 3446 ob

184 3472 286 3522 hoc
313 3470 443 3537 quin
470 3469 652 3519 statim
679 3486 864 3519 cursus
899 3476 952 3519 et
976 3470 1227 3520 ludorum
1259 3469 1550 3520 certamina
1584 3474 1846 3534 repeteret
1877 3467 2096 3517 omnino

184 3561 294 3595 non
314 3540 720 3609 impediebatur.
783 3541 902 3591 Nec
928 3541 1150 3592 dubium
1178 3541 1307 3607 quin
1332 3540 1498 3608 patris
1528 3538 1812 3590 Cuthberti
1837 3538 2097 3605 protectio

600 3710 617 3734 ¹²
648 3709 748 3750 Tob.
770 3708 842 3749 xii.
863 3708 900 3751 7.
1344 3708 1354 3732 ²
1386 3711 1408 3747 1
1429 3707 1535 3758 Reg.
1556 3706 1599 3747 ii.
1620 3708 1686 3746 30.
