2384 4126
317 376 420 425 112
934 391 1208 424 sYMEoNis
1250 390 1641 424 DUNELMENSIS

316 524 370 570 et
410 518 597 569 annuli
635 536 731 586 per
767 518 967 569 ostium
1004 517 1281 569 Christum
1322 516 1697 584 ingrediantur
1712 538 1726 580 3
1769 522 1823 568 et
1862 515 2250 568 Investituram

317 590 521 642 Rerum
548 591 1069 653 Ecclesiasticarum,
1108 597 1170 640 ut
1203 590 1267 641 de
1298 590 1458 641 rebus
1488 590 1554 640 ad
1580 589 1829 640 ecclesias
1854 589 2250 656 pertinentibus

315 663 454 714 nihil
475 664 696 715 omnino
717 663 818 714 sibi
838 663 1042 714 laicalis
1059 662 1236 729 exigat
1261 680 1504 730 persona.
1583 662 1671 713 Ad
1696 661 1811 713 haec
1837 661 1928 713 ille
1953 661 2248 729 respondit,

315 736 454 787 nihil
478 736 537 786 in
562 736 647 786 his
675 754 729 787 se
764 735 1271 803 praetermissurum,
1312 735 1455 802 quod
1482 733 1564 784 sui
1593 734 1732 802 juris
1760 752 1873 785 esse
1901 752 2120 785 suorum
2147 733 2251 784 sibi

317 809 549 859 contulit
577 808 798 875 antiqua
833 808 1166 859 consuetudo
1205 806 1627 874 progenitorum.
1707 806 2044 874 Quandoque
2070 812 2252 856 tamen

317 881 487 932 flexus
529 880 847 932 auctoritate
893 880 1155 946 generalis
1203 879 1431 942 concilii,
1474 878 1576 929 tria
1614 878 1709 929 illa
1747 879 1926 945 priora
1971 878 2250 940 concessit,

317 953 573 1004 ultimum
616 970 759 1015 vero,
800 952 1002 1003 scilicet
1047 950 1435 1002 Investituram
1486 951 1690 1002 Rerum
1735 951 2251 1013 Ecclesiasticarum,

319 1025 610 1076 concedere
638 1024 831 1075 noluit.
915 1024 1256 1090 Quapropter
1280 1040 1493 1073 reverso
1530 1023 1595 1073 ad
1638 1023 1927 1073 concilium
1968 1042 2121 1091 papa,
2163 1041 2251 1073 ex-

319 1097 798 1148 communicandus
848 1096 1170 1146 decernitur.
1265 1095 1424 1146 Quod
1476 1112 1599 1145 cum
1650 1094 1869 1161 quidam
1917 1095 1975 1145 in
2026 1095 2253 1146 concilio

320 1188 459 1237 aegre
499 1169 720 1231 ferrent,
761 1168 1085 1218 sententiam
1128 1166 1356 1234 protulit
1400 1166 1764 1233 Apostolicus,
1803 1173 1883 1230 ut,
1925 1167 2018 1234 qui
2055 1167 2113 1217 in
2152 1167 2254 1218 hoc

320 1241 767 1303 scandalizentur,
797 1246 1051 1290 exeuntes
1081 1257 1111 1289 a
1136 1238 1366 1289 fratrum
1393 1238 1660 1289 consortio
1687 1246 2090 1306 separarentur:
2132 1258 2253 1307 pro-

318 1314 494 1382 posito
522 1313 587 1364 de
613 1313 720 1362 illis
758 1311 1100 1379 septuaginta
1139 1311 1398 1377 exemplo,
1436 1310 1527 1377 qui
1566 1328 1690 1361 cum
1730 1311 1796 1362 de
1835 1329 1994 1362 carne
2033 1311 2258 1362 Domini

321 1385 696 1437 manducanda
731 1391 784 1436 et
826 1384 1087 1451 sanguine
1121 1382 1355 1434 bibendo
1387 1382 1895 1447 scandalizarentur,
1935 1390 2080 1435 retro
2113 1384 2255 1435 abie-

321 1465 470 1521 runt,
494 1464 547 1509 et
568 1458 683 1525 jam
711 1475 834 1508 cum
860 1457 966 1508 Illo
988 1474 1098 1507 non
1126 1455 1491 1506 ambulabant.
1572 1460 1605 1483 ‘⁶
1622 1456 1694 1506 Et
1722 1456 2014 1523 quoniam,'
2019 1456 2254 1524 'inquit,

324 1536 358 1559 ‘⁶
381 1532 469 1599 qui
514 1549 617 1582 non
659 1530 859 1597 colliyz‘t
895 1547 1010 1580 cum
1036 1529 1261 1580 Domino
1297 1529 1522 1595 sparyit,
1563 1533 1613 1579 et
1655 1529 1743 1595 qui
1778 1547 1881 1580 non
1915 1535 1992 1580 est
2034 1547 2147 1581 cum
2174 1530 2258 1580 Eo

325 1609 359 1632 “
382 1604 631 1655 adversus
665 1604 823 1653 Illum
858 1607 974 1664 est,‘¹
1013 1601 1163 1652 illam
1201 1600 1582 1651 inconsutilem
1609 1601 1852 1652 tunicam
1878 1601 2106 1669 desuper
2132 1619 2258 1652 con-

327 1681 361 1704 “
382 1682 606 1738 textam,
647 1675 850 1726 scilicet
892 1680 1135 1724 sanctam
1177 1673 1475 1735 ecclesiam,
1516 1672 1607 1740 qui
1651 1672 1935 1724 nobiscum
1980 1673 2260 1725 sentiendo

328 1748 721 1799 “indiscissam
762 1764 970 1797 servare
1004 1746 1215 1808 nolunt,
1272 1745 1636 1796 dissentiendo
1682 1764 1712 1796 a
1755 1745 1911 1797 nobis
1962 1746 2260 1797 discindere

327 1826 362 1849 “
385 1820 776 1871 contendunt.''
867 1818 1018 1869 Talia
1069 1817 1460 1868 sermocinante
1504 1818 1837 1884 Apostolico,
1890 1818 2036 1869 illico
2077 1836 2260 1869 omnes

325 1893 384 1944 in
429 1892 659 1944 eundem
704 1909 827 1942 cum
873 1890 1079 1941 caeteris
1132 1907 1451 1940 consensum
1501 1889 1728 1953 reducti,
1783 1890 1839 1939 in
1880 1890 2260 1958 imperatorem

328 1965 633 2017 Henricum
660 1962 1226 2015 excommunicationis
1254 1961 1580 2013 sententiam
1600 1962 1949 2029 jaculanturJ'
2023 1963 2262 2014 Tandem

327 2044 449 2106 post
499 2038 612 2089 dies
646 2036 867 2103 «aliquot
916 2034 1178 2086 dissoluto
1230 2034 1474 2097 conciliO,
1532 2034 1765 2085 offensus
1814 2052 1906 2086 rex
1957 2035 2261 2102 Anglorum

330 2110 586 2161 Turstino
632 2108 1046 2175 archiepiscopo,
1106 2106 1248 2174 quod
1293 2112 1486 2173 praeter
1532 2124 1850 2157 consensum
1896 2125 2054 2157 suum
2100 2126 2154 2159 se
2197 2108 2262 2158 ab

330 2182 643 2250 Apostolico
686 2180 984 2231 consecrari
1018 2179 1248 2242 fecisset,
1287 2178 1568 2229 interdixit
1608 2179 1655 2229 ei
1688 2179 1922 2229 reditum
1956 2179 2015 2229 in
2049 2197 2265 2231 omnem

331 2273 441 2306 suae
468 2253 851 2305 dominationis
876 2253 1072 2303 locum.

442 2328 573 2378 Post
599 2326 714 2377 haec
739 2344 877 2392 papa
904 2324 1144 2376 Calixtus
1179 2323 1480 2375 Gisortium
1506 2323 1653 2374 venit
1670 2345 1684 2385 3
1728 2341 1833 2390 quo
1869 2323 1934 2375 ad
1961 2324 2075 2391 ejus
2104 2325 2264 2376 collo-

333 2400 519 2467 quium
559 2417 652 2449 rex
692 2398 996 2464 Anglorum
1041 2396 1291 2447 occurrit.
1383 2397 1524 2446 Acta
1565 2403 1692 2446 sunt
1733 2396 1907 2447 multa
1946 2396 2087 2448 inter
2126 2397 2265 2459 illos,

335 2490 563 2540 quorum
592 2471 763 2538 gratia
797 2488 893 2537 par
930 2475 1044 2520 erat
1079 2475 1258 2519 tantas
1287 2468 1597 2519 convenisse
1624 2486 1892 2535 personas.
1970 2469 2124 2520 Inter
2151 2488 2268 2537 quae

333 2564 426 2596 rex
454 2564 484 2595 a
508 2562 645 2612 papa
670 2542 996 2610 impetravit,
1036 2548 1098 2591 ut
1137 2559 1323 2592 omnes
1359 2541 1774 2592 consuetudines
1806 2560 1935 2608 quas
1963 2547 2115 2608 pater
2141 2560 2266 2592 suus

334 2618 393 2668 in
418 2615 761 2667 Normannia
787 2621 841 2666 et
865 2615 923 2665 in
952 2614 1151 2681 Anglia
1178 2613 1438 2665 habuerat
1466 2613 1568 2664 sibi
1595 2613 1927 2676 concederet,
1957 2620 2010 2664 et
2035 2615 2267 2666 maxime

334 2696 397 2740 ut
423 2689 695 2740 neminem
717 2687 1005 2754 aliquando
1026 2686 1190 2753 legati
1216 2685 1429 2737 officio
1415 2704 1473 2735 1n
1492 2686 1691 2766 Anglia
1715 2686 1870 2753 fungi
1895 2687 2249 2753 permitteret,
2254 2695 2270 2716 ⁶

337 2762 383 2812 si
408 2779 518 2811 non
542 2760 675 2827 ipse,
713 2760 892 2826 aliqua
924 2759 1193 2840 praecipua
1229 2758 1445 2825 querela
1479 2758 1724 2825 exigente
1761 2776 1880 2825 quae
1917 2758 1981 2809 ab
2009 2759 2267 2826 episcopis

334 2833 490 2900 regni
532 2832 615 2883 sui
664 2831 943 2882 terminari
991 2848 1102 2881 non
1152 2837 1347 2897 posset,
1392 2830 1495 2880 hoc
1538 2830 1653 2881 fieri
1699 2849 1729 2880 a
1771 2849 1907 2897 papa
1957 2831 2267 2898 postularet

337 2904 551 2959 Quibus
578 2903 826 2955 omnibus
868 2920 963 2970 pro
999 2908 1146 2953 statu
1172 2901 1428 2968 temporis
1455 2901 1706 2964 definitis,
1745 2920 1882 2969 papa
1906 2909 2061 2969 rogat
2087 2920 2269 2970 regem

334 2976 589 3028 Turstino
632 2975 865 3027 amicum
908 2975 1039 3037 fieri,
1095 2992 1322 3041 eumque
1373 2943 1713 3041 pontificatui
1765 2974 1831 3024 ad
1882 2992 2040 3041 quem
2091 2974 2267 3041 ipsum

339 3054 638 3101 sacraverat
676 3065 771 3115 pro
812 3064 991 3098 amore
1033 3064 1129 3097 suo
1162 3045 1393 3097 restitui.
1472 3046 1547 3096 At
1577 3063 1671 3095 rex
1707 3045 1808 3096 hoc
1836 3064 1889 3096 se
1915 3046 2044 3096 dum
2072 3047 2272 3098 viveret

422 3211 440 3228 ‘¹
471 3203 531 3245 St.
553 3202 681 3244 Matt.
703 3202 775 3244 xii.
797 3205 851 3243 30
870 3201 975 3242 with
995 3201 1253 3242 alterations.

423 3258 439 3283 ὁ
469 3259 542 3299 All
561 3259 701 3298 which
721 3258 880 3298 follows
900 3271 944 3297 as
963 3261 1009 3298 to
1027 3258 1102 3297 the
1121 3259 1396 3309 controversy
1414 3257 1605 3297 between
1634 3256 1708 3296 the
1734 3256 1850 3308 Pope
1870 3256 1955 3297 and
1975 3256 2097 3309 King
2116 3257 2273 3308 Henry

338 3314 513 3355 relative
533 3317 579 3355 to
593 3314 667 3354 the
687 3313 977 3354 consecration
998 3313 1044 3353 os
1068 3313 1141 3352 the
1161 3312 1428 3363 arehbishop,
1453 3315 1499 3352 to
1518 3312 1592 3352 the
1611 3312 1759 3362 words,
1781 3313 1806 3330 “
1821 3312 2050 3352 'furstinus
2070 3312 2275 3353 remansit

338 3370 385 3410 in
419 3369 597 3420 Gallia?
638 3368 674 3409 is
706 3368 853 3420 copied
884 3368 993 3408 from
1026 3367 1224 3416 Eadmer,
1254 3380 1323 3419 pp.
1357 3369 1458 3407 125-
1462 3370 1499 3408 6.
1570 3366 1754 3418 Symeon
1787 3380 1918 3407 seems
1951 3370 1996 3408 to
2031 3368 2136 3408 have
2167 3369 2273 3408 been

339 3424 656 3487 unacquainted.
675 3424 779 3464 with
811 3424 885 3464 the
913 3423 1078 3475 history
1100 3423 1146 3463 of
1170 3400 1257 3462 th'is
1287 3424 1558 3484 controversy
1579 3423 1636 3474 by
1656 3422 1795 3484 Hugh
1815 3422 1889 3463 the
1910 3422 2128 3473 Chant01·;
2157 3423 2194 3462 if
2219 3423 2273 3462 he

339 3481 424 3521 had
456 3481 556 3521 read
590 3480 638 3530 it,
673 3480 727 3520 he
759 3479 900 3520 would
937 3478 1118 3530 perhaps
1152 3478 1258 3518 have
1297 3478 1424 3529 given
1457 3478 1531 3517 the
1565 3477 1685 3517 Y01k
1721 3477 1839 3529 view,
1878 3479 1962 3518 and
1996 3480 2071 3518 not
2106 3479 2201 3518 that
2232 3478 2278 3518 of

341 3537 581 3615 Cancterbur

423 3591 559 3631 c[Phe
581 3548 876 3639 ⁵imbreviatio,
907 3588 1000 3630 MS.
1022 3587 1135 3629 Cott.
1156 3587 1363 3640 Caligula,
1393 3587 1481 3628 viii.
1502 3586 1571 3638 A.
1601 3588 1705 3628 ends
1737 3590 1780 3627 at
1811 3588 1898 3628 this
1926 3587 2061 3640 point,
2092 3588 2166 3628 the
2196 3588 2274 3628 fol-

339 3646 498 3699 lowing
526 3646 662 3686 words
696 3645 824 3697 being
857 3622 1109 3684 introduced
1142 3643 1291 3683 ast-er‘
1295 3642 1615 3694 ‘permitteret.
1608 3643 1702 3666 ''''
1718 3643 1784 3684 De
1812 3643 1950 3695 primo
1971 3643 2188 3684 Saxonum
2210 3643 2275 3683 vel

339 3701 693 3741 Normannorum
713 3701 899 3741 adventu
920 3699 1006 3739 sive
1027 3699 1077 3739 de
1098 3698 1330 3739 eorundem
1350 3698 1522 3750 regibus
1541 3698 1708 3739 libellus
1729 3698 1946 3750 explicit.''
