2384 4126
748 424 1014 457 msromAE
1055 423 1439 457 coNT1NUA‘r10.
1946 410 2043 458 131

953 587 1225 622 MCXXVIII.

245 668 407 719 Anno
451 670 704 737 M.cxxviij
757 669 1041 737 praedictus
1094 687 1270 720 comes
1322 668 1661 720 Flandrensis
1711 667 1792 719 bis
1844 668 1900 718 in
1944 687 2053 719 una

139 740 437 806 septimana
498 741 844 808 congrediens
895 760 1016 792 cum
1066 741 1307 791 hostibus
1358 758 1520 807 parva
1568 758 1733 790 manu
1784 741 2051 806 superavit

138 811 411 877 plurimos,
491 814 596 864 Sed
636 813 795 880 paulo
838 819 960 880 post
999 813 1246 863 obsidens
1286 812 1566 862 castellum
1604 811 1705 862 sibi
1748 829 2049 878 repugnan-
2088 825 2097 833 '

138 882 293 944 tium,
321 883 449 933 dum
476 902 723 935 successu
747 884 994 935 vincendi
1027 884 1261 935 insolens
1295 883 1529 934 crebrius
1556 883 1725 933 victos
1758 882 2051 950 fugientes-

137 972 238 1020 que
264 961 542 1021 repeteret,
571 956 879 1007 vulneratus
904 956 1152 1006 laetaliter
1176 956 1234 1005 in
1269 954 1499 1005 confinio
1525 954 1730 1005 brachii
1764 960 1816 1005 et
1843 972 2051 1015 manus,

138 1025 317 1076 triduo
344 1027 701 1093 supervivens,
734 1027 962 1078 moritur
987 1027 1033 1094 vj
1065 1027 1168 1077 kal.
1197 1024 1474 1094 Augustis
1541 1026 1727 1093 Cujus,
1764 1043 1831 1077 ex
1857 1026 2055 1093 placito

139 1097 278 1163 regis
306 1098 648 1161 Francorum,
677 1117 768 1150 rex
800 1099 1064 1150 Henricus
1092 1099 1260 1149 haeres
1286 1116 1350 1149 ex
1376 1097 1557 1148 debito
1574 1097 2053 1164 consanguinitatis

140 1169 330 1232 factUS,
383 1171 700 1221 comitatum
762 1170 859 1221 sub
910 1189 963 1221 se
1025 1170 1415 1237 disponendum
1476 1169 1697 1220 tradidit
1759 1169 2053 1231 TheodorO,

139 1240 338 1291 lineam
365 1242 638 1292 affinitatis
662 1242 881 1293 ducenti
906 1261 969 1294 ex
996 1242 1280 1293 comitibus
1309 1241 1758 1292 Flandrensiumst

250 1312 554 1364 Rannulfus
598 1314 974 1365 Dunelmensis
1019 1314 1313 1381 episcopUS,
1358 1313 1586 1380 peractis
1638 1313 1695 1362 in
1747 1312 2055 1379 episcopatu

142 1383 266 1434 xxix
293 1385 463 1446 annis,
505 1392 558 1435 et
592 1386 762 1436 tribus
801 1385 1092 1447 mensibus,
1134 1391 1188 1436 et
1229 1385 1297 1452 vij
1327 1384 1531 1447 diebuS,
1573 1385 1735 1435 finem
1772 1384 1899 1435 fecit
1933 1384 2054 1434 vitae

142 1472 266 1505 non.
299 1456 642 1523 Septembris.

990 1588 1212 1621 MCXXIX.

251 1669 410 1719 Anno
453 1670 687 1720 M.cxxix.
765 1670 1069 1720 Willelmus
1112 1669 1303 1720 Gifard
1347 1668 1738 1719 Wintoniensis
1781 1668 2059 1735 episcopus

143 1739 291 1791 obiit.
369 1741 483 1791 Rex
521 1741 789 1792 Henricus
831 1741 1077 1792 absoluto
1117 1741 1182 1791 de
1224 1740 1469 1807 captione
1506 1740 1699 1790 comite
1734 1739 1799 1790 de
1825 1740 2058 1790 Mellant

143 1811 506 1874 Gualaranno,
534 1812 848 1880 cunctisque
876 1812 976 1863 sibi
1002 1830 1119 1879 quae
1145 1830 1241 1862 sua
1274 1811 1487 1862 fuerant
1514 1817 1707 1878 praeter
1732 1811 2059 1861 munitiones

141 1883 378 1946 redditiS,
406 1884 768 1951 redintegrata
808 1884 949 1935 inter
990 1902 1044 1935 se
1080 1889 1133 1935 et
1172 1901 1355 1951 regem
1393 1884 1722 1934 Francorum
1758 1883 2057 1944 concordia,

142 1961 358 2021 accepto
385 1956 794 2007 Flandrensium
822 1955 1098 2018 comitatu,
1125 1956 1236 2006 filia
1262 1972 1472 2022 quoque
1500 1973 1595 2005 sua
1620 1972 1683 2005 ex
1712 1954 2059 2021 Imperatrice

142 2026 326 2077 comiti
374 2027 843 2094 Andegavensium
893 2028 1157 2095 copulata,
1217 2026 1573 2094 omnibusque
1636 2044 2057 2093 quaquaversum

142 2098 389 2149 hostibus
414 2099 497 2150 vel
522 2099 675 2150 victis
702 2099 784 2150 vel
810 2099 1178 2167 repacificatis,
1219 2099 1486 2150 arridente
1511 2098 1613 2149 sibi
1640 2098 1875 2165 undique
1915 2116 2059 2165 pros-

140 2170 384 2237 peritate,
428 2171 602 2222 multo
645 2171 859 2238 navigio
901 2171 1021 2222 idus
1074 2171 1108 2221 J
1111 2170 1209 2221 ulii
1257 2170 1316 2221 in
1360 2170 1618 2237 Angliam
1668 2175 1749 2220 est
1799 2187 2057 2221 reversus.

144 2242 440 2292 Fluxerant
466 2242 577 2293 dies
613 2242 784 2309 pauci,
826 2260 948 2293 cum
974 2241 1124 2294 ecce!
1163 2241 1453 2292 nunciatur
1491 2241 1606 2308 regi
1643 2241 1808 2292 filiam
1844 2259 1996 2291 suam
2031 2259 2061 2291 a

142 2313 336 2363 marito
362 2314 714 2380 repudiatam,
758 2314 1125 2381 abjectamque
1166 2313 1280 2364 sine
1315 2313 1518 2363 honore
1552 2312 1734 2379 paucis
1773 2312 2060 2363 admodum

144 2384 428 2435 comitibus
466 2385 663 2435 redisse
706 2386 1122 2452 Rothomagum.
1200 2384 1336 2436 Quae
1361 2401 1444 2434 res
1473 2383 1677 2434 animos
1702 2383 1843 2450 regis
1870 2384 2062 2436 acriter

143 2455 491 2522 perturbavit.
569 2457 698 2507 Post
723 2456 918 2507 festum
940 2463 1120 2507 autem
1149 2455 1333 2507 Sancti
1354 2454 1657 2517 Michaelis,
1680 2454 2061 2506 comitantibus

144 2527 566 2594 archiepiscopiS,
634 2528 908 2595 episcopis,
973 2527 1273 2589 abbatibus,
1332 2533 1386 2578 et
1435 2544 1569 2593 pene
1631 2526 1797 2577 totius
1847 2526 2061 2593 Angliae

143 2598 479 2665 primatibus,
506 2599 652 2649 venit
678 2600 1032 2662 VVintoniam,
1075 2599 1254 2665 ibique
1288 2598 1399 2649 filio
1426 2598 1619 2649 sororis
1656 2615 1765 2649 suae
1802 2598 2059 2660 Henrico,

145 2670 238 2736 qui
265 2670 406 2737 apud
433 2670 750 2721 Cluniacum
777 2670 843 2721 ab
877 2671 1105 2722 infantia
1137 2670 1373 2721 nutritus
1408 2675 1521 2720 erat
1561 2669 1871 2732 monachus,
1903 2670 2059 2719 Win-

144 2741 402 2792 toniensis
428 2741 661 2793 ecclesiae
687 2743 833 2793 dedit
859 2743 1240 2810 episcopatum,
1269 2742 1521 2810 adjuncta
1546 2741 1596 2792 ei
1629 2741 1686 2791 in
1713 2747 2060 2807 augmentum

144 2812 362 2864 honoris
389 2813 601 2864 abbatia
628 2814 940 2877 Glastoniae,
985 2832 1144 2881 quam
1182 2813 1329 2881 prius
1366 2813 1432 2863 ad
1457 2812 1888 2879 procurationem
1924 2812 2006 2863 sui
2033 2831 2063 2865 a

144 2902 267 2951 rege
295 2891 583 2952 acceperat.
660 2886 835 2936 Datus
861 2892 941 2936 est
976 2893 1029 2937 et
1064 2886 1397 2952 episcopatus
1426 2885 1856 2947 Conventrensis,
1890 2884 1981 2950 qui
2009 2891 2062 2935 et

145 2956 462 3019 Cestrensis,
500 2957 732 3023 Rogerio
772 2958 954 3024 nepoti
989 2957 1218 3008 Goffridi
1258 2956 1559 3017 Dedintun,
1602 2956 1710 3022 qui,
1751 2962 1812 3006 ut
1852 2955 2064 3022 dignior

147 3033 300 3078 tanto
326 3035 463 3079 esset
493 3028 712 3091 honore,
752 3029 922 3080 tribus
961 3029 1104 3079 hunc
1143 3046 1443 3079 marcarum
1474 3027 1712 3078 millibus
1750 3028 2060 3094 promeruit.

146 3099 396 3150 Ordinati
431 3106 556 3150 sunt
598 3106 777 3151 autem
813 3119 878 3151 xv
903 3101 1010 3151 kal.
1048 3100 1361 3151 Decembris
1390 3099 1695 3150 Cantuariae
1731 3117 1760 3149 a
1786 3099 2061 3149 Willelmo

146 3171 382 3238 ejusdem
408 3172 639 3222 ecclesiae
666 3172 1074 3239 archiepiscopo,

255 3242 494 3307 Eoeplicit
534 3244 778 3295 Historia
812 3245 987 3295 suavis
1028 3250 1077 3295 et
1121 3249 1314 3294 sanctae
1349 3243 1604 3293 memoriae
1646 3242 1916 3309 Symeom‘s
1957 3260 2060 3292 mo-

147 3313 302 3362 nachi
327 3318 377 3363 et
392 3316 734 3378 praecentoris
768 3317 992 3366 ecclesioe
1020 3316 1205 3366 Sancti
1237 3315 1506 3365 Cuthberti
1542 3314 1784 3364 Dunelmi
1812 3331 2063 3364 annorum

149 3383 411 3434 ccccxxix
436 3390 485 3434 et
512 3387 760 3436 mensium
787 3386 1050 3454 quatuorst

228 3594 252 3626 s
279 3595 398 3636 Obiit
417 3597 659 3640 Willelmus
678 3614 815 3642 comes
835 3603 1229 3645 Flandrensis.1n
1248 3605 1445 3655 margine.

230 3650 370 3690 &The
393 3653 524 3692 words
546 3654 651 3694 from
677 3657 886 3697 Theodoro
907 3670 976 3699 are
997 3659 1158 3699 added'
1148 3671 1192 3699 in
1213 3659 1286 3698 the
1306 3657 1472 3708 margin
1494 3657 1535 3696 in
1559 3669 1582 3695 a
1602 3665 1741 3695 coarse
1762 3651 1888 3692 hand.

234 3702 249 3727 ²¹
283 3704 336 3745 In
357 3706 430 3746 red
449 3707 605 3749 letters

1683 3780 1718 3812 K
1744 3766 1774 3813 2
