2384 4126
345 373 413 423 16
954 389 1226 424 SYMEoms
1266 390 1659 424 DUNELMENSIS

341 520 626 583 supersunt
670 533 764 584 per
807 516 1061 584 reliquias
1107 518 1221 586 ejus
1272 523 1543 584 patratum
1595 535 1709 569 esse
1758 522 2044 569 testantur.
2137 518 2276 569 Cum

339 588 573 639 venisset
619 588 685 639 ad
734 589 1012 656 praefatam
1067 589 1559 657 Hagustaldensem
1605 589 1883 641 ecclesiam
1930 589 2145 657 quidam
2192 608 2275 641 ca-

340 660 565 711 nonicus
591 661 852 728 regularis
879 666 932 712 et
960 661 1222 724 sacerdos,
1264 661 1467 713 scilicet
1497 661 1742 725 Edricus,
1785 661 1876 729 qui
1909 662 2038 713 illuc
2072 662 2275 729 primus

342 732 724 783 canonicorum
752 752 782 784 a
807 733 920 784 viro
947 733 1238 784 venerabili
1272 733 1479 784 Thoma
1515 733 1908 800 archiepiscopo
1943 734 2137 784 missus
2173 740 2271 796 est,

340 803 547 855 invenit
591 823 837 856 acervum
883 805 948 856 de
988 811 1132 856 terra
1176 811 1491 873 congestum
1524 806 1680 872 juxta
1712 807 1886 874 majus
1929 806 2095 857 altare
2132 806 2274 873 quod

340 875 481 927 infra
507 877 771 928 cancellos
798 877 1033 928 ecclesiae
1061 883 1192 940 erat,
1222 895 1381 944 quem
1415 878 1541 928 inde
1569 877 1775 929 auferre
1800 878 1999 941 volens,
2043 878 2274 929 effodere

341 965 465 998 eum
516 949 691 1016 coepit.
783 950 868 1000 De
920 967 1023 1016 quo
1076 966 1197 999 cum
1250 949 1483 1016 aliquam
1533 956 1741 1017 partem
1790 949 2029 1013 fodisset,
2074 950 2273 1017 reperit

339 1020 555 1071 thecam
604 1021 841 1087 ligneam
890 1039 1001 1071 non
1053 1020 1340 1071 admodum
1399 1040 1668 1088 magnam.
1773 1022 1953 1074 Quam
2010 1022 2270 1089 aperiens,

339 1091 546 1143 invenit
588 1093 693 1143 duo
736 1092 913 1159 sigilla
952 1092 1222 1159 plumbea,
1263 1093 1544 1160 insculptis
1579 1093 1749 1144 literis
1790 1094 1918 1161 quid
1957 1094 2105 1144 intus
2147 1111 2272 1144 con-

339 1164 576 1215 tinerent
601 1164 926 1214 intimantia.
1005 1164 1074 1214 In
1109 1181 1336 1230 quorum
1378 1165 1546 1215 altero
1581 1165 1839 1232 scriptum
1875 1172 2006 1228 erat,
2035 1166 2178 1233 quod
2205 1166 2270 1217 de

342 1237 541 1286 Sancto
582 1236 727 1287 Acca
759 1235 1001 1302 reliquiae
1039 1236 1183 1286 int'ro
1217 1235 1561 1288 haberentur.
1637 1237 1771 1287 Mox
1811 1255 1937 1304 ergo
1971 1238 2109 1288 illud
2144 1256 2268 1289 con-

338 1308 596 1374 fringens,
623 1307 829 1358 invenit
855 1307 1127 1374 pulverem
1163 1306 1329 1358 cineri
1365 1307 1718 1371 simillimum,
1762 1309 2126 1376 nonnullaque
2153 1328 2272 1361 ossa

341 1379 406 1430 de
448 1386 633 1430 sancto
679 1380 793 1447 ejus
835 1397 1053 1446 corpore
1097 1379 1304 1447 pulveri
1343 1379 1609 1442 immixta,
1655 1399 1771 1447 quae
1811 1381 1938 1432 inde
1977 1382 2173 1433 tollens
2212 1382 2270 1432 in

337 1451 634 1503 honestiori
659 1451 818 1503 theca
842 1451 1096 1519 reposuit.
1175 1452 1308 1502 Erat
1333 1458 1464 1503 tunc
1490 1453 1747 1519 temporis
1773 1454 2095 1520 paupercula
2129 1472 2270 1521 quae-

337 1523 462 1574 dam
489 1524 911 1575 sanctimonialis
937 1524 1139 1575 femina
1163 1523 1222 1573 in
1254 1523 1370 1591 ipsa
1400 1524 1544 1587 villa,
1589 1543 1749 1592 quam
1782 1525 2070 1593 praedictus
2103 1526 2270 1578 frater

335 1614 432 1663 pro
459 1596 801 1663 simplicitate
839 1596 954 1663 ejus
990 1602 1042 1647 et
1076 1596 1387 1647 innocentia
1411 1597 1534 1647 vitae
1569 1597 1763 1664 oppido
1805 1597 2077 1664 diligebat.
2156 1599 2272 1650 Ista

336 1668 509 1719 multo
535 1674 773 1736 tempore
802 1668 1051 1719 extiterat
1079 1686 1233 1730 caeca,
1259 1668 1337 1719 ita
1363 1674 1423 1718 ut
1452 1668 1518 1719 ad
1545 1669 1841 1733 ecclesiam,
1870 1677 1923 1721 et
1942 1670 2268 1738 ubicumque

336 1758 554 1792 necesse
597 1741 675 1792 ire
719 1740 971 1802 habebat,
1014 1758 1223 1807 semper
1264 1741 1329 1791 ab
1373 1741 1476 1792 alio
1521 1741 1821 1793 duceretur.
1902 1742 2150 1794 Quadam
2185 1743 2271 1794 die

336 1818 557 1879 repente
583 1812 729 1864 venit
760 1812 816 1862 in
849 1830 939 1864 cor
973 1812 1153 1863 fratris
1186 1812 1395 1880 praefati
1429 1813 1553 1864 talis
1590 1814 1863 1880 cogitatio,
1902 1821 1963 1865 ut
1997 1833 2169 1865 unum
2206 1815 2270 1866 de

337 1885 545 1936 ossibus
588 1885 696 1935 illis
738 1902 855 1952 quae
898 1903 1068 1952 nuper
1107 1885 1403 1948 invenerat,
1449 1885 1507 1935 in
1549 1904 1686 1952 aqua
1725 1886 2009 1937 benedicta
2054 1887 2269 1939 abluere

341 1957 579 2019 deberet,
618 1957 936 2024 mulierique
972 1956 1037 2007 de
1077 1956 1192 2024 ipso
1225 1957 1437 2008 lavacro
1473 1957 1617 2020 dare,
1659 1964 1721 2008 ut
1764 1958 1890 2009 inde
1930 1959 2111 2010 oculos
2153 1977 2276 2010 suos

335 2029 556 2091 lavaret,
586 2029 630 2079 si
655 2029 793 2080 forte
820 2030 986 2092 Deus,
1016 2028 1222 2080 meritis
1249 2029 1420 2080 sancti
1455 2030 1769 2080 confessoris
1806 2030 1888 2080 sui
1914 2031 2071 2082 Accae
2106 2031 2273 2083 inter-

338 2101 668 2164 cedentibUS,
696 2101 880 2152 lumen
906 2101 1182 2153 oculorum
1209 2101 1311 2152 hoc
1336 2101 1639 2153 venerando
1665 2103 1876 2153 lavacro
1904 2102 1953 2153 ei
1987 2104 2271 2155 restituere

338 2173 668 2240 dignaretur.
748 2173 1004 2241 Fecitque
1048 2173 1140 2224 ille
1183 2173 1325 2240 quod
1370 2174 1568 2225 Divino
1612 2174 1875 2225 instinctu
1927 2176 2269 2239 ammonitus,

336 2246 475 2296 sicut
501 2251 686 2313 postea
713 2246 922 2308 claruit,
963 2245 1268 2296 faciendum
1304 2246 1648 2313 cogitaverat.
1724 2246 2072 2314 Abluensque
2099 2266 2270 2298 unum

337 2318 402 2369 de
429 2318 636 2368 ossibus
662 2318 719 2368 in
748 2336 885 2385 aqua
911 2317 1213 2380 benedicta,
1254 2318 1470 2369 mulieri
1506 2318 1670 2381 dedit,
1708 2319 2024 2387 praecipiens
2059 2320 2108 2370 ei
2145 2338 2272 2387 qua-

333 2390 481 2440 tinus
516 2389 581 2441 de
621 2390 715 2441 illa
756 2390 936 2441 oculos
977 2407 1100 2441 suos
1139 2390 1359 2442 lavaret.
1438 2390 1575 2442 Quae
1602 2408 1724 2441 cum
1749 2391 1827 2441 ita
1859 2391 2089 2455 fecisset,
2118 2393 2269 2459 quasi

334 2469 455 2530 post
507 2462 735 2513 duarum
787 2463 1039 2513 horarum
1091 2462 1325 2529 spatium
1368 2480 1463 2530 per
1512 2463 1707 2514 merita
1758 2470 1811 2515 et
1861 2463 2273 2516 intercessiones

338 2534 524 2585 Sancti
550 2535 709 2585 Accae
731 2535 904 2586 visum
929 2535 1147 2601 recepit.

447 2606 573 2657 Fuit
600 2607 735 2657 alter
763 2607 980 2674 quidam
1005 2607 1166 2658 homo
1194 2624 1394 2675 pauper
1427 2607 1484 2657 in
1519 2607 1705 2659 eadem
1732 2607 1858 2658 villa
1894 2608 2046 2676 cujus
2083 2614 2270 2675 guttur

332 2678 705 2729 intercutaneo
750 2679 937 2730 morbo
980 2678 1038 2728 in
1081 2684 1295 2729 tantum
1335 2679 1685 2743 intumuerat,
1731 2686 1792 2730 ut
1832 2698 1932 2731 nec
1975 2680 2123 2747 loqui
2168 2699 2266 2732 nec

333 2750 658 2801 manducare
685 2757 878 2816 posset.
957 2750 1025 2800 In
1052 2751 1205 2818 cujus
1237 2768 1327 2801 ore
1364 2768 1486 2801 cum
1524 2751 1669 2802 idem
1707 2751 1872 2802 frater
1899 2752 1963 2803 de
1989 2752 2105 2819 ipsa
2132 2772 2269 2820 aqua

333 2840 523 2890 parum
548 2821 850 2884 infudisset,
891 2828 1110 2889 repente
1138 2828 1257 2888 post
1282 2822 1443 2873 unius
1477 2822 1623 2873 horae
1659 2823 1891 2890 spatium
1920 2824 2161 2891 disrupta
2188 2832 2268 2876 est

335 2894 473 2946 cutis
500 2911 564 2945 ex
588 2893 830 2945 inferiori
855 2900 1006 2961 parte
1032 2894 1278 2957 tumoris,
1321 2895 1501 2962 sicque
1537 2901 1765 2946 exeunte
1800 2902 2011 2947 tumore
2047 2903 2267 2948 sanatus

336 2972 435 3018 est.

447 3038 696 3090 Qualiter
759 3054 885 3088 vero
949 3037 1277 3088 Malcolmus
1336 3056 1430 3090 rex
1497 3039 1806 3090 Scottorum
1871 3040 1936 3091 ab
1994 3040 2269 3092 invasione

333 3110 583 3178 pacisque
609 3109 896 3160 violatione
924 3109 1160 3160 ecclesiae
1198 3110 1671 3177 HagustaldensiS,
1714 3113 1912 3163 Sancto
1939 3112 2085 3163 Acca
2112 3119 2268 3165 caete-

332 3183 512 3250 risque
555 3181 769 3232 Sanctis
805 3181 896 3248 qui
930 3181 987 3231 in
1024 3199 1085 3232 ea
1123 3182 1484 3249 requiescunt,
1524 3184 1841 3235 meritorum
1878 3202 2097 3235 suorum
2132 3202 2265 3252 prae-

333 3255 483 3305 sidiis
523 3253 674 3304 illam
717 3253 1156 3304 conservantibus
1196 3254 1457 3305 coercitus
1503 3255 1591 3317 sit,
1632 3256 1847 3307 silentio
1885 3263 2068 3324 tegere
2106 3257 2269 3307 nimis

330 3326 559 3394 impium
587 3331 683 3376 est.
762 3324 917 3376 Licet
943 3325 1088 3376 enim
1114 3326 1273 3392 vulgo
1301 3327 1464 3378 etiam
1490 3327 1833 3378 notissimum
1862 3328 1948 3390 sit,
1990 3335 2172 3379 tamen
2199 3347 2268 3380 ne

331 3399 546 3467 penitus
592 3414 715 3447 cum
755 3402 996 3464 tempore
1042 3415 1072 3447 a
1115 3398 1375 3449 memoria
1417 3399 1702 3450 hominum
1746 3405 2004 3463 transeat,
2059 3401 2268 3452 notitiae

330 3476 668 3539 posterorum
736 3468 932 3536 scripto
990 3468 1314 3520 tradendum
1371 3477 1467 3521 est.
1569 3470 1897 3522 Malcolmus
1956 3471 2122 3538 igitur
2176 3491 2270 3523 rex

333 3545 661 3603 Scottorum,
720 3541 881 3601 homo
928 3540 1130 3592 scilicet
1180 3541 1540 3593 ferocissimus
1591 3548 1935 3609 mentemque
1988 3544 2266 3595 bestialem

332 3633 540 3683 gerens,
578 3612 1106 3664 Northumbrensem
1150 3613 1477 3680 provinciam
1519 3614 1705 3665 crebra
1738 3615 2037 3682 irruptione
2074 3617 2266 3668 misere

331 3689 606 3739 devastare
633 3685 854 3749 solebat,
895 3685 1257 3753 plurimosque
1285 3685 1349 3737 de
1384 3685 1478 3736 illa
1503 3686 1643 3737 viros
1671 3692 1724 3737 et
1751 3687 2002 3738 mulieres
2030 3688 2265 3755 captivos
