<?xml version="1.0" encoding="UTF-8"?>
<!DOCTYPE html PUBLIC "-//W3C//DTD XHTML 1.0 Transitional//EN"
    "http://www.w3.org/TR/xhtml1/DTD/xhtml1-transitional.dtd">
<html xmlns="http://www.w3.org/1999/xhtml" xml:lang="en" lang="en">
 <head>
  <title>
</title>
<meta http-equiv="Content-Type" content="text/html;charset=utf-8" />
  <meta name='ocr-system' content='tesseract 3.04.00' />
  <meta name='ocr-capabilities' content='ocr_page ocr_carea ocr_par ocr_line ocrx_word'/>
</head>
<body>
  <div class='ocr_page' id='page_1' title='image "./operacollect00simerich_0327.png"; bbox 0 0 2384 4126; ppageno 0'>
   <div class='ocr_carea' id='block_1_1' title="bbox 678 375 2078 424">
    <p class='ocr_par' dir='ltr' id='par_1_1' title="bbox 678 375 2078 424">
     <span class='ocr_line' id='line_1_1' title="bbox 678 375 2078 424; baseline 0.003 -4"><span class='ocrx_word' id='word_1_1' title='bbox 678 386 801 420; x_wconf 82' lang='lat' dir='ltr'>VITA</span> <span class='ocrx_word' id='word_1_2' title='bbox 842 387 883 419; x_wconf 84' lang='lat' dir='ltr'>S.</span> <span class='ocrx_word' id='word_1_3' title='bbox 927 386 1267 420; x_wconf 81' lang='lat' dir='ltr'><strong>MARGARETAE</strong></span> <span class='ocrx_word' id='word_1_4' title='bbox 1310 386 1546 420; x_wconf 86' lang='lat' dir='ltr'>REGINAE.</span> <span class='ocrx_word' id='word_1_5' title='bbox 1974 375 2078 424; x_wconf 70' lang='lat'>237</span> 
     </span>
    </p>
   </div>
   <div class='ocr_carea' id='block_1_2' title="bbox 1077 535 1154 584">
    <p class='ocr_par' dir='ltr' id='par_1_2' title="bbox 1077 535 1154 584">
     <span class='ocr_line' id='line_1_2' title="bbox 1077 535 1154 584; baseline 0 0"><span class='ocrx_word' id='word_1_6' title='bbox 1077 535 1154 584; x_wconf 92' lang='grc' dir='ltr'>ΙΙ.</span> 
     </span>
    </p>
   </div>
   <div class='ocr_carea' id='block_1_3' title="bbox 484 639 1750 707">
    <p class='ocr_par' dir='ltr' id='par_1_3' title="bbox 484 639 1750 707">
     <span class='ocr_line' id='line_1_3' title="bbox 484 639 1750 707; baseline 0 -17"><span class='ocrx_word' id='word_1_7' title='bbox 484 639 649 698; x_wconf 78' lang='lat' dir='ltr'>Quam</span> <span class='ocrx_word' id='word_1_8' title='bbox 677 640 838 691; x_wconf 76' lang='lat' dir='ltr'>nobili</span> <span class='ocrx_word' id='word_1_9' title='bbox 855 641 1114 706; x_wconf 73' lang='lat' dir='ltr'>prosapia</span> <span class='ocrx_word' id='word_1_10' title='bbox 1136 641 1493 707; x_wconf 58' lang='lat' dir='ltr'>genealoyz‘am</span> <span class='ocrx_word' id='word_1_11' title='bbox 1523 640 1750 691; x_wconf 66' lang='lat' dir='ltr'>dumerz&#39;t.</span> 
     </span>
    </p>
   </div>
   <div class='ocr_carea' id='block_1_4' title="bbox 96 766 2133 3553">
    <p class='ocr_par' dir='ltr' id='par_1_4' title="bbox 154 766 2133 2410">
     <span class='ocr_line' id='line_1_4' title="bbox 274 766 2078 835; baseline 0 -18"><span class='ocrx_word' id='word_1_12' title='bbox 274 767 597 835; x_wconf 55' lang='lat' dir='ltr'>[Quoniam</span> <span class='ocrx_word' id='word_1_13' title='bbox 646 767 811 834; x_wconf 88' lang='lat' dir='ltr'>igitur</span> <span class='ocrx_word' id='word_1_14' title='bbox 862 767 925 817; x_wconf 91' lang='lat' dir='ltr'>de</span> <span class='ocrx_word' id='word_1_15' title='bbox 974 767 1161 834; x_wconf 89' lang='lat' dir='ltr'>illius,]</span> <span class='ocrx_word' id='word_1_16' title='bbox 1217 785 1376 833; x_wconf 89' lang='lat' dir='ltr'>quam</span> <span class='ocrx_word' id='word_1_17' title='bbox 1427 767 1484 817; x_wconf 91' lang='lat' dir='ltr'>in</span> <span class='ocrx_word' id='word_1_18' title='bbox 1535 767 1752 817; x_wconf 80' lang='lat' dir='ltr'>Christo</span> <span class='ocrx_word' id='word_1_19' title='bbox 1801 766 2078 829; x_wconf 75' lang='lat' dir='ltr'>habuerat,</span> 
     </span>
     <span class='ocr_line' id='line_1_5' title="bbox 157 839 2078 905; baseline -0.001 -16"><span class='ocrx_word' id='word_1_20' title='bbox 157 840 353 890; x_wconf 90' lang='lat' dir='ltr'>mentis</span> <span class='ocrx_word' id='word_1_21' title='bbox 403 839 701 901; x_wconf 87' lang='lat' dir='ltr'>nobilitate,</span> <span class='ocrx_word' id='word_1_22' title='bbox 752 839 888 889; x_wconf 91' lang='lat' dir='ltr'>mihi</span> <span class='ocrx_word' id='word_1_23' title='bbox 938 845 1017 889; x_wconf 87' lang='lat' dir='ltr'>est</span> <span class='ocrx_word' id='word_1_24' title='bbox 1068 839 1372 901; x_wconf 89' lang='lat' dir='ltr'>dicendum,</span> <span class='ocrx_word' id='word_1_25' title='bbox 1434 839 1499 890; x_wconf 88' lang='lat' dir='ltr'>de</span> <span class='ocrx_word' id='word_1_26' title='bbox 1549 839 1642 889; x_wconf 89' lang='lat' dir='ltr'>illa</span> <span class='ocrx_word' id='word_1_27' title='bbox 1692 856 1920 905; x_wconf 90' lang='lat' dir='ltr'>quoque,</span> <span class='ocrx_word' id='word_1_28' title='bbox 1973 857 2078 905; x_wconf 90' lang='lat' dir='ltr'>quo</span> 
     </span>
     <span class='ocr_line' id='line_1_6' title="bbox 158 910 2076 977; baseline -0.001 -16"><span class='ocrx_word' id='word_1_29' title='bbox 158 912 449 961; x_wconf 86' lang='lat' dir='ltr'>secundum</span> <span class='ocrx_word' id='word_1_30' title='bbox 497 911 749 961; x_wconf 87' lang='lat' dir='ltr'>saeculum</span> <span class='ocrx_word' id='word_1_31' title='bbox 795 911 1076 973; x_wconf 76' lang='lat' dir='ltr'>claruerat,</span> <span class='ocrx_word' id='word_1_32' title='bbox 1122 911 1333 961; x_wconf 86' lang='lat' dir='ltr'>videtur</span> <span class='ocrx_word' id='word_1_33' title='bbox 1380 910 1578 977; x_wconf 89' lang='lat' dir='ltr'>aliquid</span> <span class='ocrx_word' id='word_1_34' title='bbox 1622 910 2076 977; x_wconf 76' lang='lat' dir='ltr'>praemittendum.</span> 
     </span>
     <span class='ocr_line' id='line_1_7' title="bbox 154 982 2079 1049; baseline 0 -16"><span class='ocrx_word' id='word_1_35' title='bbox 154 984 287 1049; x_wconf 78' lang='lat' dir='ltr'>Ejus</span> <span class='ocrx_word' id='word_1_36' title='bbox 330 1001 454 1033; x_wconf 88' lang='lat' dir='ltr'>avus</span> <span class='ocrx_word' id='word_1_37' title='bbox 491 982 740 1033; x_wconf 73' lang='lat' dir='ltr'>extiterat</span> <span class='ocrx_word' id='word_1_38' title='bbox 775 1000 867 1033; x_wconf 90' lang='lat' dir='ltr'>rex</span> <span class='ocrx_word' id='word_1_39' title='bbox 907 983 1267 1044; x_wconf 86' lang='lat' dir='ltr'>AEdmundus,</span> <span class='ocrx_word' id='word_1_40' title='bbox 1310 982 1401 1048; x_wconf 93' lang='lat' dir='ltr'>qui</span> <span class='ocrx_word' id='word_1_41' title='bbox 1426 1000 1520 1049; x_wconf 90' lang='lat' dir='ltr'>pro</span> <span class='ocrx_word' id='word_1_42' title='bbox 1548 1000 1609 1033; x_wconf 93' lang='lat' dir='ltr'>eo</span> <span class='ocrx_word' id='word_1_43' title='bbox 1636 982 1777 1049; x_wconf 89' lang='lat' dir='ltr'>quod</span> <span class='ocrx_word' id='word_1_44' title='bbox 1804 983 2079 1049; x_wconf 85' lang='lat' dir='ltr'>pugnandi</span> 
     </span>
     <span class='ocr_line' id='line_1_8' title="bbox 155 1053 2076 1116; baseline 0 -13"><span class='ocrx_word' id='word_1_45' title='bbox 155 1061 404 1105; x_wconf 88' lang='lat' dir='ltr'>strenuus</span> <span class='ocrx_word' id='word_1_46' title='bbox 432 1061 484 1105; x_wconf 91' lang='lat' dir='ltr'>et</span> <span class='ocrx_word' id='word_1_47' title='bbox 510 1054 830 1104; x_wconf 84' lang='lat' dir='ltr'>invincibilis</span> <span class='ocrx_word' id='word_1_48' title='bbox 858 1060 971 1105; x_wconf 90' lang='lat' dir='ltr'>erat</span> <span class='ocrx_word' id='word_1_49' title='bbox 990 1054 1250 1116; x_wconf 86' lang='lat' dir='ltr'>hostibus,</span> <span class='ocrx_word' id='word_1_50' title='bbox 1280 1053 1345 1104; x_wconf 89' lang='lat' dir='ltr'>ab</span> <span class='ocrx_word' id='word_1_51' title='bbox 1372 1054 1684 1105; x_wconf 79' lang='lat' dir='ltr'>excellentia</span> <span class='ocrx_word' id='word_1_52' title='bbox 1710 1054 1922 1104; x_wconf 88' lang='lat' dir='ltr'>virtutis</span> <span class='ocrx_word' id='word_1_53' title='bbox 1951 1071 2076 1104; x_wconf 91' lang='lat' dir='ltr'>con-</span> 
     </span>
     <span class='ocr_line' id='line_1_9' title="bbox 156 1125 2076 1192; baseline -0.001 -16"><span class='ocrx_word' id='word_1_54' title='bbox 156 1132 391 1176; x_wconf 88' lang='lat' dir='ltr'>traxerat</span> <span class='ocrx_word' id='word_1_55' title='bbox 416 1126 627 1192; x_wconf 80' lang='lat' dir='ltr'>insigne</span> <span class='ocrx_word' id='word_1_56' title='bbox 663 1125 895 1176; x_wconf 88' lang='lat' dir='ltr'>nominis</span> <span class='ocrx_word' id='word_1_57' title='bbox 913 1147 927 1187; x_wconf 80' lang='lat'>3</span> <span class='ocrx_word' id='word_1_58' title='bbox 969 1144 1096 1176; x_wconf 90' lang='lat' dir='ltr'>nam</span> <span class='ocrx_word' id='word_1_59' title='bbox 1138 1126 1279 1192; x_wconf 89' lang='lat' dir='ltr'>quod</span> <span class='ocrx_word' id='word_1_60' title='bbox 1322 1125 1514 1176; x_wconf 84' lang='lat' dir='ltr'>Latine</span> <span class='ocrx_word' id='word_1_61' title='bbox 1560 1126 1756 1176; x_wconf 85' lang='lat' dir='ltr'>dicitur</span> <span class='ocrx_word' id='word_1_62' title='bbox 1798 1127 2076 1176; x_wconf 81' lang='lat' dir='ltr'>Ferreum-</span> 
     </span>
     <span class='ocr_line' id='line_1_10' title="bbox 161 1197 2081 1265; baseline -0.001 -17"><span class='ocrx_word' id='word_1_63' title='bbox 161 1198 346 1260; x_wconf 80' lang='lat' dir='ltr'>Latus,</span> <span class='ocrx_word' id='word_1_64' title='bbox 389 1198 690 1264; x_wconf 89' lang='lat' dir='ltr'>Anglorum</span> <span class='ocrx_word' id='word_1_65' title='bbox 733 1197 919 1264; x_wconf 91' lang='lat' dir='ltr'>lingua</span> <span class='ocrx_word' id='word_1_66' title='bbox 960 1204 1040 1248; x_wconf 89' lang='lat' dir='ltr'>est</span> <span class='ocrx_word' id='word_1_67' title='bbox 1085 1198 1380 1265; x_wconf 89' lang='lat' dir='ltr'>appellatus</span> <span class='ocrx_word' id='word_1_68' title='bbox 1418 1198 1641 1260; x_wconf 70' lang='lat' dir='ltr'>(blank).</span> <span class='ocrx_word' id='word_1_69' title='bbox 1721 1198 1888 1265; x_wconf 83' lang='lat' dir='ltr'>Cujus</span> <span class='ocrx_word' id='word_1_70' title='bbox 1915 1197 2081 1248; x_wconf 85' lang='lat' dir='ltr'>frater</span> 
     </span>
     <span class='ocr_line' id='line_1_11' title="bbox 157 1269 2077 1336; baseline -0.001 -16"><span class='ocrx_word' id='word_1_71' title='bbox 157 1288 220 1320; x_wconf 90' lang='lat' dir='ltr'>ex</span> <span class='ocrx_word' id='word_1_72' title='bbox 261 1276 428 1336; x_wconf 85' lang='lat' dir='ltr'>patre,</span> <span class='ocrx_word' id='word_1_73' title='bbox 471 1287 580 1319; x_wconf 88' lang='lat' dir='ltr'>non</span> <span class='ocrx_word' id='word_1_74' title='bbox 621 1275 799 1319; x_wconf 90' lang='lat' dir='ltr'>autem</span> <span class='ocrx_word' id='word_1_75' title='bbox 845 1287 908 1319; x_wconf 88' lang='lat' dir='ltr'>ex</span> <span class='ocrx_word' id='word_1_76' title='bbox 943 1275 1130 1331; x_wconf 89' lang='lat' dir='ltr'>matre,</span> <span class='ocrx_word' id='word_1_77' title='bbox 1165 1269 1435 1336; x_wconf 88' lang='lat' dir='ltr'>piissimus</span> <span class='ocrx_word' id='word_1_78' title='bbox 1478 1269 1570 1319; x_wconf 93' lang='lat' dir='ltr'>ille</span> <span class='ocrx_word' id='word_1_79' title='bbox 1622 1275 1781 1335; x_wconf 88' lang='lat' dir='ltr'>atque</span> <span class='ocrx_word' id='word_1_80' title='bbox 1830 1287 2077 1319; x_wconf 90' lang='lat' dir='ltr'>mansue-</span> 
     </span>
     <span class='ocr_line' id='line_1_12' title="bbox 159 1341 2078 1407; baseline 0 -16"><span class='ocrx_word' id='word_1_81' title='bbox 159 1342 399 1391; x_wconf 88' lang='lat' dir='ltr'>tissimus</span> <span class='ocrx_word' id='word_1_82' title='bbox 424 1341 599 1391; x_wconf 87' lang='lat' dir='ltr'>fuerat</span> <span class='ocrx_word' id='word_1_83' title='bbox 624 1341 934 1402; x_wconf 84' lang='lat' dir='ltr'>Edwardus,</span> <span class='ocrx_word' id='word_1_84' title='bbox 976 1341 1067 1407; x_wconf 90' lang='lat' dir='ltr'>qui</span> <span class='ocrx_word' id='word_1_85' title='bbox 1093 1359 1147 1391; x_wconf 86' lang='lat' dir='ltr'>se</span> <span class='ocrx_word' id='word_1_86' title='bbox 1182 1347 1388 1407; x_wconf 87' lang='lat' dir='ltr'>patrem</span> <span class='ocrx_word' id='word_1_87' title='bbox 1426 1341 1610 1407; x_wconf 85' lang='lat' dir='ltr'>patriae</span> <span class='ocrx_word' id='word_1_88' title='bbox 1638 1341 1952 1391; x_wconf 80' lang='lat' dir='ltr'>exhibuerat</span> <span class='ocrx_word' id='word_1_89' title='bbox 1968 1362 1982 1403; x_wconf 81' lang='lat'><em>3</em></span> <span class='ocrx_word' id='word_1_90' title='bbox 2024 1347 2078 1392; x_wconf 91' lang='lat' dir='ltr'>et</span> 
     </span>
     <span class='ocr_line' id='line_1_13' title="bbox 159 1412 2077 1480; baseline 0.001 -18"><span class='ocrx_word' id='word_1_91' title='bbox 159 1413 293 1464; x_wconf 87' lang='lat' dir='ltr'>alter</span> <span class='ocrx_word' id='word_1_92' title='bbox 320 1413 709 1480; x_wconf 88' lang='lat' dir='ltr'>quodammodo</span> <span class='ocrx_word' id='word_1_93' title='bbox 738 1413 1008 1475; x_wconf 81' lang='lat' dir='ltr'>Salomon,</span> <span class='ocrx_word' id='word_1_94' title='bbox 1036 1413 1091 1463; x_wconf 91' lang='lat' dir='ltr'>id</span> <span class='ocrx_word' id='word_1_95' title='bbox 1126 1419 1206 1463; x_wconf 90' lang='lat' dir='ltr'>est</span> <span class='ocrx_word' id='word_1_96' title='bbox 1243 1412 1512 1479; x_wconf 86' lang='lat' dir='ltr'>pacificus,</span> <span class='ocrx_word' id='word_1_97' title='bbox 1548 1412 1718 1479; x_wconf 90' lang='lat' dir='ltr'>magis</span> <span class='ocrx_word' id='word_1_98' title='bbox 1754 1430 1885 1479; x_wconf 88' lang='lat' dir='ltr'>pace</span> <span class='ocrx_word' id='word_1_99' title='bbox 1917 1431 2077 1479; x_wconf 90' lang='lat' dir='ltr'>quam</span> 
     </span>
     <span class='ocr_line' id='line_1_14' title="bbox 157 1484 2076 1551; baseline -0.001 -17"><span class='ocrx_word' id='word_1_100' title='bbox 157 1485 314 1534; x_wconf 90' lang='lat' dir='ltr'>armis</span> <span class='ocrx_word' id='word_1_101' title='bbox 369 1502 596 1551; x_wconf 89' lang='lat' dir='ltr'>regnum</span> <span class='ocrx_word' id='word_1_102' title='bbox 658 1490 975 1550; x_wconf 79' lang='lat' dir='ltr'>protexerat.</span> <span class='ocrx_word' id='word_1_103' title='bbox 1079 1484 1315 1535; x_wconf 84' lang='lat' dir='ltr'>Gerebat</span> <span class='ocrx_word' id='word_1_104' title='bbox 1367 1484 1606 1534; x_wconf 88' lang='lat' dir='ltr'>animum</span> <span class='ocrx_word' id='word_1_105' title='bbox 1656 1484 1751 1535; x_wconf 89' lang='lat' dir='ltr'>irae</span> <span class='ocrx_word' id='word_1_106' title='bbox 1800 1484 2076 1546; x_wconf 85' lang='lat' dir='ltr'>victorem,</span> 
     </span>
     <span class='ocr_line' id='line_1_15' title="bbox 156 1556 2078 1622; baseline 0 -16"><span class='ocrx_word' id='word_1_107' title='bbox 156 1556 389 1607; x_wconf 81' lang='lat' dir='ltr'>avaritiae</span> <span class='ocrx_word' id='word_1_108' title='bbox 451 1562 891 1622; x_wconf 86' lang='lat' dir='ltr'>contemptorem,</span> <span class='ocrx_word' id='word_1_109' title='bbox 957 1556 1215 1622; x_wconf 82' lang='lat' dir='ltr'>superbiae</span> <span class='ocrx_word' id='word_1_110' title='bbox 1288 1573 1500 1622; x_wconf 88' lang='lat' dir='ltr'>prorsus</span> <span class='ocrx_word' id='word_1_111' title='bbox 1572 1561 1858 1622; x_wconf 85' lang='lat' dir='ltr'>expertem.</span> <span class='ocrx_word' id='word_1_112' title='bbox 1959 1556 2078 1606; x_wconf 88' lang='lat' dir='ltr'>Nec</span> 
     </span>
     <span class='ocr_line' id='line_1_16' title="bbox 159 1627 2079 1694; baseline 0 -17"><span class='ocrx_word' id='word_1_113' title='bbox 159 1628 383 1678; x_wconf 90' lang='lat' dir='ltr'>mirum:</span> <span class='ocrx_word' id='word_1_114' title='bbox 425 1646 551 1678; x_wconf 86' lang='lat' dir='ltr'>nam</span> <span class='ocrx_word' id='word_1_115' title='bbox 596 1628 730 1678; x_wconf 86' lang='lat' dir='ltr'>sicut</span> <span class='ocrx_word' id='word_1_116' title='bbox 777 1646 806 1677; x_wconf 92' lang='lat' dir='ltr'>a</span> <span class='ocrx_word' id='word_1_117' title='bbox 850 1627 1144 1694; x_wconf 83' lang='lat' dir='ltr'>majoribus</span> <span class='ocrx_word' id='word_1_118' title='bbox 1190 1627 1414 1693; x_wconf 85' lang='lat' dir='ltr'>gloriam</span> <span class='ocrx_word' id='word_1_119' title='bbox 1458 1627 1757 1693; x_wconf 81' lang='lat' dir='ltr'>dignitatis,</span> <span class='ocrx_word' id='word_1_120' title='bbox 1796 1627 1874 1677; x_wconf 88' lang='lat' dir='ltr'>ita</span> <span class='ocrx_word' id='word_1_121' title='bbox 1912 1627 2079 1677; x_wconf 90' lang='lat' dir='ltr'>vitam</span> 
     </span>
     <span class='ocr_line' id='line_1_17' title="bbox 157 1698 2074 1766; baseline -0.001 -17"><span class='ocrx_word' id='word_1_122' title='bbox 157 1717 365 1766; x_wconf 88' lang='lat' dir='ltr'>quoque</span> <span class='ocrx_word' id='word_1_123' title='bbox 391 1699 685 1750; x_wconf 83' lang='lat' dir='ltr'>honestatis</span> <span class='ocrx_word' id='word_1_124' title='bbox 715 1698 943 1765; x_wconf 87' lang='lat' dir='ltr'>quodam</span> <span class='ocrx_word' id='word_1_125' title='bbox 971 1698 1123 1765; x_wconf 83' lang='lat' dir='ltr'>quasi</span> <span class='ocrx_word' id='word_1_126' title='bbox 1147 1698 1523 1749; x_wconf 85' lang='lat' dir='ltr'>haereditario</span> <span class='ocrx_word' id='word_1_127' title='bbox 1505 1716 1627 1765; x_wconf 77' lang='lat' dir='ltr'>Jure</span> <span class='ocrx_word' id='word_1_128' title='bbox 1654 1704 1735 1748; x_wconf 91' lang='lat' dir='ltr'>est</span> <span class='ocrx_word' id='word_1_129' title='bbox 1771 1705 2074 1749; x_wconf 88' lang='lat' dir='ltr'>assecutus:</span> 
     </span>
     <span class='ocr_line' id='line_1_18' title="bbox 157 1770 2077 1838; baseline -0.001 -17"><span class='ocrx_word' id='word_1_130' title='bbox 157 1773 304 1838; x_wconf 84' lang='lat' dir='ltr'>Rege</span> <span class='ocrx_word' id='word_1_131' title='bbox 342 1771 644 1837; x_wconf 91' lang='lat' dir='ltr'>Anglorum</span> <span class='ocrx_word' id='word_1_132' title='bbox 689 1770 832 1836; x_wconf 85' lang='lat' dir='ltr'>AEdg</span> <span class='ocrx_word' id='word_1_133' title='bbox 837 1788 944 1832; x_wconf 83' lang='lat' dir='ltr'>aio,</span> <span class='ocrx_word' id='word_1_134' title='bbox 992 1776 1045 1821; x_wconf 90' lang='lat' dir='ltr'>et</span> <span class='ocrx_word' id='word_1_135' title='bbox 1088 1770 1298 1821; x_wconf 89' lang='lat' dir='ltr'>Comite</span> <span class='ocrx_word' id='word_1_136' title='bbox 1343 1770 1785 1820; x_wconf 85' lang='lat' dir='ltr'>Normannorum</span> <span class='ocrx_word' id='word_1_137' title='bbox 1827 1770 2077 1832; x_wconf 82' lang='lat' dir='ltr'>Ricardo,</span> 
     </span>
     <span class='ocr_line' id='line_1_19' title="bbox 155 1841 2075 1909; baseline -0.001 -16"><span class='ocrx_word' id='word_1_138' title='bbox 155 1843 281 1905; x_wconf 86' lang='lat' dir='ltr'>avis,</span> <span class='ocrx_word' id='word_1_139' title='bbox 332 1860 439 1893; x_wconf 89' lang='lat' dir='ltr'>non</span> <span class='ocrx_word' id='word_1_140' title='bbox 494 1842 668 1893; x_wconf 90' lang='lat' dir='ltr'>solum</span> <span class='ocrx_word' id='word_1_141' title='bbox 719 1842 1084 1903; x_wconf 85' lang='lat' dir='ltr'>nobilissimis,</span> <span class='ocrx_word' id='word_1_142' title='bbox 1131 1841 1221 1892; x_wconf 86' lang='lat' dir='ltr'>sed</span> <span class='ocrx_word' id='word_1_143' title='bbox 1263 1841 1426 1892; x_wconf 86' lang='lat' dir='ltr'>etiam</span> <span class='ocrx_word' id='word_1_144' title='bbox 1475 1841 1908 1908; x_wconf 85' lang='lat' dir='ltr'>religiosissimis,</span> <span class='ocrx_word' id='word_1_145' title='bbox 1954 1859 2075 1909; x_wconf 87' lang='lat' dir='ltr'>pro-</span> 
     </span>
     <span class='ocr_line' id='line_1_20' title="bbox 155 1913 2079 1981; baseline -0.001 -16"><span class='ocrx_word' id='word_1_146' title='bbox 155 1914 385 1980; x_wconf 87' lang='lat' dir='ltr'>genitus.</span> <span class='ocrx_word' id='word_1_147' title='bbox 465 1914 709 1966; x_wconf 74' lang='lat' dir='ltr'>Quorum</span> <span class='ocrx_word' id='word_1_148' title='bbox 745 1914 1038 1979; x_wconf 86' lang='lat' dir='ltr'>Eadgarus,</span> <span class='ocrx_word' id='word_1_149' title='bbox 1080 1919 1140 1964; x_wconf 92' lang='lat' dir='ltr'>ut</span> <span class='ocrx_word' id='word_1_150' title='bbox 1179 1919 1414 1980; x_wconf 86' lang='lat' dir='ltr'>quantus</span> <span class='ocrx_word' id='word_1_151' title='bbox 1454 1913 1507 1963; x_wconf 91' lang='lat' dir='ltr'>in</span> <span class='ocrx_word' id='word_1_152' title='bbox 1552 1913 1764 1976; x_wconf 84' lang='lat' dir='ltr'>saeculo,</span> <span class='ocrx_word' id='word_1_153' title='bbox 1802 1914 2079 1981; x_wconf 87' lang='lat' dir='ltr'>qualisque</span> 
     </span>
     <span class='ocr_line' id='line_1_21' title="bbox 154 1985 2133 2052; baseline 0 -16"><span class='ocrx_word' id='word_1_154' title='bbox 154 1986 314 2036; x_wconf 81' lang='lat' dir='ltr'>fucrit</span> <span class='ocrx_word' id='word_1_155' title='bbox 352 1986 410 2036; x_wconf 90' lang='lat' dir='ltr'>in</span> <span class='ocrx_word' id='word_1_156' title='bbox 450 1986 664 2037; x_wconf 87' lang='lat' dir='ltr'>Christo</span> <span class='ocrx_word' id='word_1_157' title='bbox 701 1985 932 2036; x_wconf 89' lang='lat' dir='ltr'>breviter</span> <span class='ocrx_word' id='word_1_158' title='bbox 967 1992 1304 2052; x_wconf 88' lang='lat' dir='ltr'>agnoscatur,</span> <span class='ocrx_word' id='word_1_159' title='bbox 1343 2003 1436 2035; x_wconf 86' lang='lat' dir='ltr'>rex</span> <span class='ocrx_word' id='word_1_160' title='bbox 1475 1985 1636 2035; x_wconf 90' lang='lat' dir='ltr'>simul</span> <span class='ocrx_word' id='word_1_161' title='bbox 1670 1991 1723 2036; x_wconf 93' lang='lat' dir='ltr'>et</span> <span class='ocrx_word' id='word_1_162' title='bbox 1756 1985 1983 2051; x_wconf 85' lang='lat' dir='ltr'>justitiae</span> <span class='ocrx_word' id='word_1_163' title='bbox 2019 2003 2080 2036; x_wconf 91' lang='lat' dir='ltr'>ac</span> <span class='ocrx_word' id='word_1_164' title='bbox 2129 2019 2133 2023; x_wconf 91' lang='lat'><em>-</em></span> 
     </span>
     <span class='ocr_line' id='line_1_22' title="bbox 159 2056 2081 2125; baseline 0 -17"><span class='ocrx_word' id='word_1_165' title='bbox 159 2058 304 2125; x_wconf 80' lang='lat' dir='ltr'>pacis</span> <span class='ocrx_word' id='word_1_166' title='bbox 340 2064 544 2109; x_wconf 90' lang='lat' dir='ltr'>amator</span> <span class='ocrx_word' id='word_1_167' title='bbox 578 2057 791 2107; x_wconf 83' lang='lat' dir='ltr'>futurus</span> <span class='ocrx_word' id='word_1_168' title='bbox 833 2057 1274 2124; x_wconf 84' lang='lat' dir='ltr'>praesignabatur.</span> <span class='ocrx_word' id='word_1_169' title='bbox 1351 2057 1498 2107; x_wconf 88' lang='lat' dir='ltr'>Nato</span> <span class='ocrx_word' id='word_1_170' title='bbox 1537 2056 1679 2107; x_wconf 89' lang='lat' dir='ltr'>enim</span> <span class='ocrx_word' id='word_1_171' title='bbox 1722 2057 1833 2120; x_wconf 92' lang='lat' dir='ltr'>illo,</span> <span class='ocrx_word' id='word_1_172' title='bbox 1878 2057 2081 2108; x_wconf 88' lang='lat' dir='ltr'>audivit</span> 
     </span>
     <span class='ocr_line' id='line_1_23' title="bbox 157 2128 2078 2195; baseline -0.001 -15"><span class='ocrx_word' id='word_1_173' title='bbox 157 2130 346 2181; x_wconf 87' lang='lat' dir='ltr'>beatus</span> <span class='ocrx_word' id='word_1_174' title='bbox 381 2130 699 2180; x_wconf 87' lang='lat' dir='ltr'>Dunstanus</span> <span class='ocrx_word' id='word_1_175' title='bbox 732 2128 916 2179; x_wconf 90' lang='lat' dir='ltr'>beatos</span> <span class='ocrx_word' id='word_1_176' title='bbox 951 2129 1009 2178; x_wconf 90' lang='lat' dir='ltr'>in</span> <span class='ocrx_word' id='word_1_177' title='bbox 1049 2129 1178 2180; x_wconf 87' lang='lat' dir='ltr'>caelo</span> <span class='ocrx_word' id='word_1_178' title='bbox 1203 2128 1441 2195; x_wconf 89' lang='lat' dir='ltr'>Angelos</span> <span class='ocrx_word' id='word_1_179' title='bbox 1477 2128 1828 2194; x_wconf 88' lang='lat' dir='ltr'>gratulantes,</span> <span class='ocrx_word' id='word_1_180' title='bbox 1869 2134 1923 2179; x_wconf 92' lang='lat' dir='ltr'>et</span> <span class='ocrx_word' id='word_1_181' title='bbox 1956 2146 2078 2179; x_wconf 91' lang='lat' dir='ltr'>cum</span> 
     </span>
     <span class='ocr_line' id='line_1_24' title="bbox 158 2200 2078 2268; baseline -0.001 -17"><span class='ocrx_word' id='word_1_182' title='bbox 158 2220 354 2268; x_wconf 88' lang='lat' dir='ltr'>magna</span> <span class='ocrx_word' id='word_1_183' title='bbox 380 2201 738 2267; x_wconf 87' lang='lat' dir='ltr'>gratulatione</span> <span class='ocrx_word' id='word_1_184' title='bbox 764 2201 1050 2267; x_wconf 84' lang='lat' dir='ltr'>psallentes</span> <span class='ocrx_word' id='word_1_185' title='bbox 1069 2221 1083 2261; x_wconf 71' lang='lat'>5</span> <span class='ocrx_word' id='word_1_186' title='bbox 1127 2205 1160 2227; x_wconf 69' lang='lat'>‘⁶</span> <span class='ocrx_word' id='word_1_187' title='bbox 1184 2200 1266 2250; x_wconf 84' lang='lat' dir='ltr'>Sit</span> <span class='ocrx_word' id='word_1_188' title='bbox 1292 2218 1412 2267; x_wconf 83' lang='lat' dir='ltr'>pax,</span> <span class='ocrx_word' id='word_1_189' title='bbox 1449 2201 1518 2251; x_wconf 87' lang='lat' dir='ltr'>sit</span> <span class='ocrx_word' id='word_1_190' title='bbox 1552 2218 1749 2266; x_wconf 88' lang='lat' dir='ltr'>magna</span> <span class='ocrx_word' id='word_1_191' title='bbox 1774 2200 2078 2266; x_wconf 89' lang='lat' dir='ltr'>Anglorum</span> 
     </span>
     <span class='ocr_line' id='line_1_25' title="bbox 158 2271 2076 2338; baseline -0.001 -15"><span class='ocrx_word' id='word_1_192' title='bbox 158 2278 192 2301; x_wconf 85' lang='lat'><strong>“</strong></span> <span class='ocrx_word' id='word_1_193' title='bbox 214 2273 449 2323; x_wconf 85' lang='lat' dir='ltr'>ecclesiae</span> <span class='ocrx_word' id='word_1_194' title='bbox 473 2272 677 2334; x_wconf 85' lang='lat' dir='ltr'>laetitia,</span> <span class='ocrx_word' id='word_1_195' title='bbox 700 2272 954 2338; x_wconf 87' lang='lat' dir='ltr'>quamdiu</span> <span class='ocrx_word' id='word_1_196' title='bbox 978 2289 1110 2338; x_wconf 91' lang='lat' dir='ltr'>puer</span> <span class='ocrx_word' id='word_1_197' title='bbox 1138 2278 1297 2322; x_wconf 88' lang='lat' dir='ltr'>natus</span> <span class='ocrx_word' id='word_1_198' title='bbox 1316 2289 1544 2337; x_wconf 89' lang='lat' dir='ltr'>regnum</span> <span class='ocrx_word' id='word_1_199' title='bbox 1570 2271 1820 2333; x_wconf 85' lang='lat' dir='ltr'>tenuerit,</span> <span class='ocrx_word' id='word_1_200' title='bbox 1844 2278 1897 2322; x_wconf 93' lang='lat' dir='ltr'>et</span> <span class='ocrx_word' id='word_1_201' title='bbox 1923 2273 2076 2322; x_wconf 90' lang='lat' dir='ltr'>Dun-</span> 
     </span>
     <span class='ocr_line' id='line_1_26' title="bbox 160 2343 2077 2410; baseline -0.001 -15"><span class='ocrx_word' id='word_1_202' title='bbox 160 2349 194 2372; x_wconf 82' lang='lat'><em>“</em></span> <span class='ocrx_word' id='word_1_203' title='bbox 217 2352 400 2395; x_wconf 85' lang='lat' dir='ltr'>stanus</span> <span class='ocrx_word' id='word_1_204' title='bbox 439 2343 681 2394; x_wconf 88' lang='lat' dir='ltr'>mortalis</span> <span class='ocrx_word' id='word_1_205' title='bbox 718 2343 840 2393; x_wconf 85' lang='lat' dir='ltr'>vitae</span> <span class='ocrx_word' id='word_1_206' title='bbox 878 2344 1018 2393; x_wconf 84' lang='lat' dir='ltr'>viam</span> <span class='ocrx_word' id='word_1_207' title='bbox 1056 2343 1441 2393; x_wconf 83' lang='lat' dir='ltr'>concurrerit.”</span> <span class='ocrx_word' id='word_1_208' title='bbox 1537 2343 1796 2393; x_wconf 88' lang='lat' dir='ltr'>Ricardus</span> <span class='ocrx_word' id='word_1_209' title='bbox 1848 2360 2077 2410; x_wconf 89' lang='lat' dir='ltr'>quoque,</span> 
     </span>
    </p>

    <p class='ocr_par' dir='ltr' id='par_1_5' title="bbox 96 2414 2077 3553">
     <span class='ocr_line' id='line_1_27' title="bbox 159 2414 2077 2483; baseline -0.001 -17"><span class='ocrx_word' id='word_1_210' title='bbox 159 2416 370 2483; x_wconf 91' lang='lat' dir='ltr'>genitor</span> <span class='ocrx_word' id='word_1_211' title='bbox 410 2415 681 2482; x_wconf 87' lang='lat' dir='ltr'>genitricis</span> <span class='ocrx_word' id='word_1_212' title='bbox 716 2414 882 2481; x_wconf 90' lang='lat' dir='ltr'>ipsius</span> <span class='ocrx_word' id='word_1_213' title='bbox 917 2414 1182 2477; x_wconf 82' lang='lat' dir='ltr'>Edwardi,</span> <span class='ocrx_word' id='word_1_214' title='bbox 1224 2415 1448 2476; x_wconf 80' lang='lat' dir='ltr'>Emmae,</span> <span class='ocrx_word' id='word_1_215' title='bbox 1483 2419 1636 2464; x_wconf 88' lang='lat' dir='ltr'>tanto</span> <span class='ocrx_word' id='word_1_216' title='bbox 1661 2423 1855 2480; x_wconf 86' lang='lat' dir='ltr'>nepote</span> <span class='ocrx_word' id='word_1_217' title='bbox 1883 2414 2077 2480; x_wconf 88' lang='lat' dir='ltr'>dignus</span> 
     </span>
     <span class='ocr_line' id='line_1_28' title="bbox 96 2478 2074 2553; baseline -0.001 -15"><span class='ocrx_word' id='word_1_218' title='bbox 96 2478 108 2487; x_wconf 59' lang='lat'>⁸</span> <span class='ocrx_word' id='word_1_219' title='bbox 158 2488 443 2550; x_wconf 88' lang='lat' dir='ltr'>effulserat,</span> <span class='ocrx_word' id='word_1_220' title='bbox 471 2487 551 2537; x_wconf 84' lang='lat' dir='ltr'>vir</span> <span class='ocrx_word' id='word_1_221' title='bbox 575 2504 669 2553; x_wconf 89' lang='lat' dir='ltr'>per</span> <span class='ocrx_word' id='word_1_222' title='bbox 694 2486 874 2536; x_wconf 88' lang='lat' dir='ltr'>omnia</span> <span class='ocrx_word' id='word_1_223' title='bbox 901 2493 1168 2547; x_wconf 79' lang='lat' dir='ltr'>strenUUS,</span> <span class='ocrx_word' id='word_1_224' title='bbox 1196 2486 1447 2552; x_wconf 90' lang='lat' dir='ltr'>omnique</span> <span class='ocrx_word' id='word_1_225' title='bbox 1474 2485 1737 2552; x_wconf 86' lang='lat' dir='ltr'>praeconio</span> <span class='ocrx_word' id='word_1_226' title='bbox 1757 2486 2074 2537; x_wconf 87' lang='lat' dir='ltr'>laudandus.</span> 
     </span>
     <span class='ocr_line' id='line_1_29' title="bbox 154 2557 2076 2624; baseline -0.001 -14"><span class='ocrx_word' id='word_1_227' title='bbox 154 2560 333 2610; x_wconf 81' lang='lat' dir='ltr'>Nemo</span> <span class='ocrx_word' id='word_1_228' title='bbox 360 2559 561 2610; x_wconf 89' lang='lat' dir='ltr'>etenim</span> <span class='ocrx_word' id='word_1_229' title='bbox 595 2558 659 2608; x_wconf 92' lang='lat' dir='ltr'>de</span> <span class='ocrx_word' id='word_1_230' title='bbox 698 2557 807 2607; x_wconf 89' lang='lat' dir='ltr'>suis</span> <span class='ocrx_word' id='word_1_231' title='bbox 847 2557 1294 2624; x_wconf 87' lang='lat' dir='ltr'>progenitoribus,</span> <span class='ocrx_word' id='word_1_232' title='bbox 1330 2558 1413 2608; x_wconf 85' lang='lat' dir='ltr'>vel</span> <span class='ocrx_word' id='word_1_233' title='bbox 1452 2557 1509 2606; x_wconf 87' lang='lat' dir='ltr'>in</span> <span class='ocrx_word' id='word_1_234' title='bbox 1537 2557 1839 2608; x_wconf 88' lang='lat' dir='ltr'>Comitatus</span> <span class='ocrx_word' id='word_1_235' title='bbox 1873 2557 2076 2609; x_wconf 90' lang='lat' dir='ltr'>honore</span> 
     </span>
     <span class='ocr_line' id='line_1_30' title="bbox 155 2629 2076 2695; baseline -0.001 -14"><span class='ocrx_word' id='word_1_236' title='bbox 155 2631 379 2693; x_wconf 85' lang='lat' dir='ltr'>felicior,</span> <span class='ocrx_word' id='word_1_237' title='bbox 406 2631 488 2680; x_wconf 88' lang='lat' dir='ltr'>vel</span> <span class='ocrx_word' id='word_1_238' title='bbox 516 2629 574 2679; x_wconf 92' lang='lat' dir='ltr'>in</span> <span class='ocrx_word' id='word_1_239' title='bbox 599 2629 873 2695; x_wconf 86' lang='lat' dir='ltr'>religionis</span> <span class='ocrx_word' id='word_1_240' title='bbox 909 2647 1087 2679; x_wconf 90' lang='lat' dir='ltr'>amore</span> <span class='ocrx_word' id='word_1_241' title='bbox 1121 2629 1424 2679; x_wconf 87' lang='lat' dir='ltr'>ferventior.</span> <span class='ocrx_word' id='word_1_242' title='bbox 1502 2629 1570 2678; x_wconf 89' lang='lat' dir='ltr'>In</span> <span class='ocrx_word' id='word_1_243' title='bbox 1612 2629 1835 2678; x_wconf 91' lang='lat' dir='ltr'>summis</span> <span class='ocrx_word' id='word_1_244' title='bbox 1875 2629 2076 2680; x_wconf 86' lang='lat' dir='ltr'>divitiis</span> 
     </span>
     <span class='ocr_line' id='line_1_31' title="bbox 156 2700 2075 2770; baseline -0.001 -17"><span class='ocrx_word' id='word_1_245' title='bbox 156 2702 380 2770; x_wconf 88' lang='lat' dir='ltr'>positus,</span> <span class='ocrx_word' id='word_1_246' title='bbox 418 2701 627 2768; x_wconf 90' lang='lat' dir='ltr'>spiritu,</span> <span class='ocrx_word' id='word_1_247' title='bbox 666 2701 811 2751; x_wconf 88' lang='lat' dir='ltr'>velut</span> <span class='ocrx_word' id='word_1_248' title='bbox 847 2701 981 2751; x_wconf 89' lang='lat' dir='ltr'>alter</span> <span class='ocrx_word' id='word_1_249' title='bbox 1005 2700 1198 2762; x_wconf 88' lang='lat' dir='ltr'>David,</span> <span class='ocrx_word' id='word_1_250' title='bbox 1235 2706 1349 2751; x_wconf 90' lang='lat' dir='ltr'>erat</span> <span class='ocrx_word' id='word_1_251' title='bbox 1382 2700 1783 2766; x_wconf 73' lang='lat' dir='ltr'>pauperrimus,</span> <span class='ocrx_word' id='word_1_252' title='bbox 1827 2701 2075 2751; x_wconf 88' lang='lat' dir='ltr'>dominus</span> 
     </span>
     <span class='ocr_line' id='line_1_32' title="bbox 156 2772 2071 2841; baseline -0.001 -17"><span class='ocrx_word' id='word_1_253' title='bbox 156 2774 475 2841; x_wconf 91' lang='lat' dir='ltr'>populorum</span> <span class='ocrx_word' id='word_1_254' title='bbox 502 2772 841 2835; x_wconf 88' lang='lat' dir='ltr'>constitutus,</span> <span class='ocrx_word' id='word_1_255' title='bbox 864 2790 1135 2823; x_wconf 85' lang='lat' dir='ltr'>servorum</span> <span class='ocrx_word' id='word_1_256' title='bbox 1156 2772 1357 2822; x_wconf 88' lang='lat' dir='ltr'>Christi</span> <span class='ocrx_word' id='word_1_257' title='bbox 1384 2789 1564 2822; x_wconf 87' lang='lat' dir='ltr'>servus</span> <span class='ocrx_word' id='word_1_258' title='bbox 1590 2772 1693 2822; x_wconf 89' lang='lat' dir='ltr'>fuit</span> <span class='ocrx_word' id='word_1_259' title='bbox 1719 2772 2071 2823; x_wconf 92' lang='lat' dir='ltr'>humillimus.</span> 
     </span>
     <span class='ocr_line' id='line_1_33' title="bbox 158 2843 2073 2911; baseline -0.002 -15"><span class='ocrx_word' id='word_1_260' title='bbox 158 2847 312 2896; x_wconf 86' lang='lat' dir='ltr'>Inter</span> <span class='ocrx_word' id='word_1_261' title='bbox 362 2845 465 2895; x_wconf 89' lang='lat' dir='ltr'>alia</span> <span class='ocrx_word' id='word_1_262' title='bbox 515 2862 648 2911; x_wconf 87' lang='lat' dir='ltr'>quae,</span> <span class='ocrx_word' id='word_1_263' title='bbox 707 2844 764 2893; x_wconf 89' lang='lat' dir='ltr'>in</span> <span class='ocrx_word' id='word_1_264' title='bbox 816 2862 924 2895; x_wconf 89' lang='lat' dir='ltr'>suae</span> <span class='ocrx_word' id='word_1_265' title='bbox 974 2844 1236 2910; x_wconf 76' lang='lat' dir='ltr'>religiosae</span> <span class='ocrx_word' id='word_1_266' title='bbox 1285 2843 1582 2894; x_wconf 87' lang='lat' dir='ltr'>devotionis</span> <span class='ocrx_word' id='word_1_267' title='bbox 1643 2850 2073 2906; x_wconf 88' lang='lat' dir='ltr'>monumentum,</span> 
     </span>
     <span class='ocr_line' id='line_1_34' title="bbox 156 2915 2075 2982; baseline -0.001 -15"><span class='ocrx_word' id='word_1_268' title='bbox 156 2917 373 2978; x_wconf 87' lang='lat' dir='ltr'>fecerat,</span> <span class='ocrx_word' id='word_1_269' title='bbox 407 2916 585 2967; x_wconf 90' lang='lat' dir='ltr'>nobile</span> <span class='ocrx_word' id='word_1_270' title='bbox 623 2916 757 2965; x_wconf 93' lang='lat' dir='ltr'>illud</span> <span class='ocrx_word' id='word_1_271' title='bbox 791 2916 1149 2966; x_wconf 86' lang='lat' dir='ltr'>Fiscannense</span> <span class='ocrx_word' id='word_1_272' title='bbox 1183 2915 1568 2965; x_wconf 87' lang='lat' dir='ltr'>monasterium</span> <span class='ocrx_word' id='word_1_273' title='bbox 1610 2915 1727 2982; x_wconf 87' lang='lat' dir='ltr'>pius</span> <span class='ocrx_word' id='word_1_274' title='bbox 1754 2916 2075 2966; x_wconf 82' lang='lat' dir='ltr'>Christicola</span> 
     </span>
     <span class='ocr_line' id='line_1_35' title="bbox 158 2986 2072 3053; baseline -0.002 -14"><span class='ocrx_word' id='word_1_275' title='bbox 158 2993 531 3049; x_wconf 86' lang='lat' dir='ltr'>contruxerat;</span> <span class='ocrx_word' id='word_1_276' title='bbox 571 2987 628 3037; x_wconf 92' lang='lat' dir='ltr'>in</span> <span class='ocrx_word' id='word_1_277' title='bbox 669 3005 773 3053; x_wconf 91' lang='lat' dir='ltr'>quo</span> <span class='ocrx_word' id='word_1_278' title='bbox 816 2987 947 3053; x_wconf 90' lang='lat' dir='ltr'>ipse,</span> <span class='ocrx_word' id='word_1_279' title='bbox 991 2987 1258 3037; x_wconf 89' lang='lat' dir='ltr'>saecularis</span> <span class='ocrx_word' id='word_1_280' title='bbox 1303 2986 1519 3053; x_wconf 90' lang='lat' dir='ltr'>quidem</span> <span class='ocrx_word' id='word_1_281' title='bbox 1569 2987 1776 3048; x_wconf 90' lang='lat' dir='ltr'>habitu,</span> <span class='ocrx_word' id='word_1_282' title='bbox 1823 2988 1914 3037; x_wconf 88' lang='lat' dir='ltr'>sed</span> <span class='ocrx_word' id='word_1_283' title='bbox 1958 3005 2072 3037; x_wconf 90' lang='lat' dir='ltr'>mo-</span> 
     </span>
     <span class='ocr_line' id='line_1_36' title="bbox 158 3058 2071 3125; baseline -0.002 -15"><span class='ocrx_word' id='word_1_284' title='bbox 158 3060 362 3110; x_wconf 90' lang='lat' dir='ltr'>nachus</span> <span class='ocrx_word' id='word_1_285' title='bbox 391 3065 531 3120; x_wconf 87' lang='lat' dir='ltr'>actu,</span> <span class='ocrx_word' id='word_1_286' title='bbox 560 3077 697 3125; x_wconf 83' lang='lat' dir='ltr'>saepe</span> <span class='ocrx_word' id='word_1_287' title='bbox 724 3076 847 3108; x_wconf 91' lang='lat' dir='ltr'>cum</span> <span class='ocrx_word' id='word_1_288' title='bbox 880 3058 1153 3108; x_wconf 90' lang='lat' dir='ltr'>monachis</span> <span class='ocrx_word' id='word_1_289' title='bbox 1196 3058 1512 3120; x_wconf 82' lang='lat' dir='ltr'>conversari,</span> <span class='ocrx_word' id='word_1_290' title='bbox 1548 3058 1729 3124; x_wconf 88' lang='lat' dir='ltr'>eisque</span> <span class='ocrx_word' id='word_1_291' title='bbox 1755 3058 1896 3109; x_wconf 87' lang='lat' dir='ltr'>inter</span> <span class='ocrx_word' id='word_1_292' title='bbox 1920 3077 2071 3108; x_wconf 90' lang='lat' dir='ltr'>man-</span> 
     </span>
     <span class='ocr_line' id='line_1_37' title="bbox 159 3129 2074 3196; baseline -0.001 -15"><span class='ocrx_word' id='word_1_293' title='bbox 159 3131 464 3182; x_wconf 89' lang='lat' dir='ltr'>ducandum</span> <span class='ocrx_word' id='word_1_294' title='bbox 499 3130 644 3180; x_wconf 89' lang='lat' dir='ltr'>cibos</span> <span class='ocrx_word' id='word_1_295' title='bbox 685 3148 807 3180; x_wconf 89' lang='lat' dir='ltr'>cum</span> <span class='ocrx_word' id='word_1_296' title='bbox 848 3129 1060 3180; x_wconf 91' lang='lat' dir='ltr'>silentio</span> <span class='ocrx_word' id='word_1_297' title='bbox 1101 3147 1381 3196; x_wconf 86' lang='lat' dir='ltr'>apponere,</span> <span class='ocrx_word' id='word_1_298' title='bbox 1417 3136 1471 3180; x_wconf 93' lang='lat' dir='ltr'>et</span> <span class='ocrx_word' id='word_1_299' title='bbox 1505 3136 1694 3196; x_wconf 90' lang='lat' dir='ltr'>potum</span> <span class='ocrx_word' id='word_1_300' title='bbox 1729 3138 2074 3180; x_wconf 82' lang='lat' dir='ltr'>consueverat</span> 
     </span>
     <span class='ocr_line' id='line_1_38' title="bbox 159 3201 2072 3267; baseline -0.001 -15"><span class='ocrx_word' id='word_1_301' title='bbox 159 3202 496 3263; x_wconf 83' lang='lat' dir='ltr'>ministrare;</span> <span class='ocrx_word' id='word_1_302' title='bbox 537 3208 615 3263; x_wconf 93' lang='lat' dir='ltr'>ut,</span> <span class='ocrx_word' id='word_1_303' title='bbox 668 3201 962 3251; x_wconf 89' lang='lat' dir='ltr'>secundum</span> <span class='ocrx_word' id='word_1_304' title='bbox 1008 3201 1357 3267; x_wconf 84' lang='lat' dir='ltr'>Scripturam,</span> <span class='ocrx_word' id='word_1_305' title='bbox 1410 3207 1610 3267; x_wconf 90' lang='lat' dir='ltr'>quanto</span> <span class='ocrx_word' id='word_1_306' title='bbox 1660 3219 1889 3267; x_wconf 90' lang='lat' dir='ltr'>magnus</span> <span class='ocrx_word' id='word_1_307' title='bbox 1939 3208 2072 3262; x_wconf 91' lang='lat' dir='ltr'>erat,</span> 
     </span>
     <span class='ocr_line' id='line_1_39' title="bbox 153 3271 2066 3339; baseline -0.002 -15"><span class='ocrx_word' id='word_1_308' title='bbox 153 3280 307 3324; x_wconf 85' lang='lat' dir='ltr'>tanto</span> <span class='ocrx_word' id='word_1_309' title='bbox 346 3291 399 3323; x_wconf 90' lang='lat' dir='ltr'>se</span> <span class='ocrx_word' id='word_1_310' title='bbox 433 3273 493 3331; x_wconf 79' lang='lat' dir='ltr'>in</span> <span class='ocrx_word' id='word_1_311' title='bbox 532 3272 780 3322; x_wconf 89' lang='lat' dir='ltr'>omnibus</span> <span class='ocrx_word' id='word_1_312' title='bbox 820 3271 1167 3323; x_wconf 67' lang='lat' dir='ltr'>humiliaretst</span> <span class='ocrx_word' id='word_1_313' title='bbox 1243 3273 1409 3339; x_wconf 78' lang='lat' dir='ltr'>Cujus</span> <span class='ocrx_word' id='word_1_314' title='bbox 1438 3272 1850 3338; x_wconf 88' lang='lat' dir='ltr'>magnificentiae</span> <span class='ocrx_word' id='word_1_315' title='bbox 1876 3289 1937 3322; x_wconf 89' lang='lat' dir='ltr'>ac</span> <span class='ocrx_word' id='word_1_316' title='bbox 1963 3272 2066 3321; x_wconf 88' lang='lat' dir='ltr'>vir-</span> 
     </span>
     <span class='ocr_line' id='line_1_40' title="bbox 158 3342 2075 3411; baseline -0.002 -16"><span class='ocrx_word' id='word_1_317' title='bbox 158 3351 339 3395; x_wconf 88' lang='lat' dir='ltr'>tutum</span> <span class='ocrx_word' id='word_1_318' title='bbox 366 3362 523 3411; x_wconf 90' lang='lat' dir='ltr'>opera</span> <span class='ocrx_word' id='word_1_319' title='bbox 548 3344 638 3410; x_wconf 91' lang='lat' dir='ltr'>qui</span> <span class='ocrx_word' id='word_1_320' title='bbox 663 3343 870 3410; x_wconf 90' lang='lat' dir='ltr'>plenius</span> <span class='ocrx_word' id='word_1_321' title='bbox 895 3361 1050 3394; x_wconf 90' lang='lat' dir='ltr'>nosse</span> <span class='ocrx_word' id='word_1_322' title='bbox 1082 3343 1364 3406; x_wconf 87' lang='lat' dir='ltr'>desiderat,</span> <span class='ocrx_word' id='word_1_323' title='bbox 1407 3344 1574 3394; x_wconf 84' lang='lat' dir='ltr'>Gesta</span> <span class='ocrx_word' id='word_1_324' title='bbox 1599 3342 2075 3404; x_wconf 77' lang='lat' dir='ltr'>Normannorum,²&#39;</span> 
     </span>
     <span class='ocr_line' id='line_1_41' title="bbox 162 3414 2073 3482; baseline -0.003 -15"><span class='ocrx_word' id='word_1_325' title='bbox 162 3435 279 3482; x_wconf 87' lang='lat' dir='ltr'>quae</span> <span class='ocrx_word' id='word_1_326' title='bbox 325 3415 487 3466; x_wconf 89' lang='lat' dir='ltr'>etiam</span> <span class='ocrx_word' id='word_1_327' title='bbox 530 3414 696 3480; x_wconf 86' lang='lat' dir='ltr'>ipsius</span> <span class='ocrx_word' id='word_1_328' title='bbox 742 3422 859 3465; x_wconf 89' lang='lat' dir='ltr'>acta</span> <span class='ocrx_word' id='word_1_329' title='bbox 899 3414 1195 3476; x_wconf 89' lang='lat' dir='ltr'>continent,</span> <span class='ocrx_word' id='word_1_330' title='bbox 1241 3415 1401 3482; x_wconf 90' lang='lat' dir='ltr'>legat.</span> <span class='ocrx_word' id='word_1_331' title='bbox 1478 3415 1564 3465; x_wconf 87' lang='lat' dir='ltr'>Ab</span> <span class='ocrx_word' id='word_1_332' title='bbox 1598 3415 1681 3464; x_wconf 88' lang='lat' dir='ltr'>his</span> <span class='ocrx_word' id='word_1_333' title='bbox 1715 3420 1881 3464; x_wconf 87' lang='lat' dir='ltr'>tantae</span> <span class='ocrx_word' id='word_1_334' title='bbox 1920 3414 2073 3463; x_wconf 86' lang='lat' dir='ltr'>clari-</span> 
     </span>
     <span class='ocr_line' id='line_1_42' title="bbox 157 3485 2074 3553; baseline -0.002 -16"><span class='ocrx_word' id='word_1_335' title='bbox 157 3487 361 3538; x_wconf 88' lang='lat' dir='ltr'>tudinis</span> <span class='ocrx_word' id='word_1_336' title='bbox 388 3492 441 3537; x_wconf 91' lang='lat' dir='ltr'>et</span> <span class='ocrx_word' id='word_1_337' title='bbox 476 3485 801 3536; x_wconf 76' lang='lat' dir='ltr'>excellentiae</span> <span class='ocrx_word' id='word_1_338' title='bbox 833 3486 1280 3552; x_wconf 86' lang='lat' dir='ltr'>progenitoribus,</span> <span class='ocrx_word' id='word_1_339' title='bbox 1323 3503 1488 3553; x_wconf 84' lang='lat' dir='ltr'>nepos</span> <span class='ocrx_word' id='word_1_340' title='bbox 1522 3485 1814 3536; x_wconf 82' lang='lat' dir='ltr'>Edwardus</span> <span class='ocrx_word' id='word_1_341' title='bbox 1842 3485 1898 3534; x_wconf 88' lang='lat' dir='ltr'>in</span> <span class='ocrx_word' id='word_1_342' title='bbox 1922 3485 2074 3534; x_wconf 93' lang='lat' dir='ltr'>nullo</span> 
     </span>
    </p>
   </div>
   <div class='ocr_carea' id='block_1_5' title="bbox 534 3617 1690 3713">
    <p class='ocr_par' dir='ltr' id='par_1_6' title="bbox 534 3617 1690 3713">
     <span class='ocr_line' id='line_1_43' title="bbox 534 3617 1690 3659; baseline -0.001 -1"><span class='ocrx_word' id='word_1_343' title='bbox 534 3626 557 3651; x_wconf 64' lang='lat' dir='ltr'>g</span> <span class='ocrx_word' id='word_1_344' title='bbox 586 3618 715 3658; x_wconf 81' lang='lat' dir='ltr'>Small</span> <span class='ocrx_word' id='word_1_345' title='bbox 733 3619 807 3658; x_wconf 89' lang='lat' dir='ltr'>red</span> <span class='ocrx_word' id='word_1_346' title='bbox 826 3618 975 3659; x_wconf 80' lang='lat' dir='ltr'>initial.</span> <span class='ocrx_word' id='word_1_347' title='bbox 1364 3618 1379 3643; x_wconf 83' lang='lat'>&#39;¹</span> <span class='ocrx_word' id='word_1_348' title='bbox 1410 3618 1523 3658; x_wconf 86' lang='lat' dir='ltr'>Eccl.</span> <span class='ocrx_word' id='word_1_349' title='bbox 1545 3617 1603 3658; x_wconf 91' lang='lat' dir='ltr'>iii.</span> <span class='ocrx_word' id='word_1_350' title='bbox 1625 3621 1690 3657; x_wconf 80' lang='lat'>20.</span> 
     </span>
     <span class='ocr_line' id='line_1_44' title="bbox 926 3672 1298 3713; baseline 0.005 -2"><span class='ocrx_word' id='word_1_351' title='bbox 926 3673 935 3696; x_wconf 81' lang='lat'>¹&#39;</span> <span class='ocrx_word' id='word_1_352' title='bbox 965 3672 1041 3712; x_wconf 84' lang='lat' dir='ltr'>See.</span> <span class='ocrx_word' id='word_1_353' title='bbox 1060 3673 1298 3713; x_wconf 82' lang='lat' dir='ltr'>Duohesne.</span> 
     </span>
    </p>
   </div>
  </div>
 </body>
</html>
