2384 4126
825 373 1013 406 sANc'rI
1054 372 1383 406 CUTHBERTI.
1954 360 2055 409 169

138 519 294 567 quam
337 499 483 566 prius
528 498 905 565 comprehendi
954 503 1178 565 poterat.
1272 498 1439 565 Cujus
1491 502 1736 564 parentes
1780 504 1834 549 et
1878 500 2054 563 amici,

138 571 514 639 compassionis
542 570 736 621 affectu
760 567 1007 637 permoti,
1034 569 1206 620 multa
1230 586 1325 636 pro
1353 587 1414 620 eo
1441 587 1508 620 ne
1535 569 1708 637 capite
1734 569 2056 636 plecteretur

139 642 339 694 Comiti
364 642 673 704 offerebant,
715 648 768 693 et
798 642 950 709 plura
975 641 1380 708 promittebant.
1459 641 1534 691 At
1560 641 1667 703 ille,
1707 641 1833 708 quia
1858 642 2056 693 totiens

135 714 406 781 tantisque
440 714 734 765 malefactis
762 731 883 764 eum
916 713 1233 775 irritaverat,
1273 713 1484 763 nullum
1521 731 1575 764 se
1616 730 1711 779 pro
1744 713 1855 763 vita
1889 713 2054 780 ipsius

137 786 251 836 auri
290 786 372 837 vel
419 786 643 852 argenti,
701 792 792 836 aut
838 786 1153 852 cujusquam
1205 785 1423 835 alterius
1466 784 1544 835 rei
1588 784 1928 835 commodum
1971 786 2056 837 vel

134 858 392 924 respicere
436 858 569 908 velle
606 857 822 925 juravit.
899 858 1050 907 Tunc
1094 857 1184 907 ille
1230 857 1407 907 animo
1449 862 1838 919 consternatus,
1880 857 2052 907 solum

136 930 235 980 sibi
280 930 549 996 cogitabat
594 947 707 980 esse
758 928 1054 980 remedium
1099 928 1160 991 si,
1202 928 1575 995 quoquomodo
1625 928 1852 978 vinculis
1897 947 2052 995 expe-

134 1001 295 1065 ditus,
334 1001 625 1052 beatissimi
660 1001 827 1068 patris
868 1000 1154 1051 Cuthberti
1193 1001 1520 1067 confugisset
1547 1000 1613 1051 ad
1648 1001 2051 1052 monasterium.

135 1074 202 1124 In
245 1073 429 1124 eadem
471 1073 664 1140 quippe
698 1073 824 1123 villa
862 1091 967 1140 qua
999 1073 1113 1139 ipse
1148 1090 1365 1139 corpore
1405 1072 1708 1139 requiescit,
1748 1072 1848 1123 hoc
1886 1079 1965 1123 est
1996 1073 2053 1123 in

134 1145 422 1208 Dunelmo,
461 1151 591 1196 tunc
619 1144 1032 1196 custodiebatur.
1107 1144 1381 1195 Adhibitis
1421 1162 1547 1211 ergo
1574 1144 1822 1195 omnibus
1850 1145 2053 1211 ingenii

136 1234 196 1267 ac
245 1217 438 1268 virium
490 1235 705 1267 suarum
758 1216 1053 1279 conatibus,
1110 1216 1175 1267 ab
1220 1216 1303 1266 his
1345 1216 1538 1283 quibus
1584 1217 2052 1283 constringebatur

136 1289 474 1355 compedibus
521 1307 575 1340 se
616 1288 885 1355 quaerebat
922 1288 1182 1355 expedire.
1262 1288 1367 1339 Sed
1402 1288 1641 1355 quamvis
1673 1288 1766 1338 diu
1791 1289 2049 1339 multum-

135 1378 238 1427 que
282 1360 339 1410 in
381 1360 482 1411 hoc
525 1360 788 1411 laboraret
833 1378 1020 1427 parum
1054 1359 1296 1427 profecit,
1339 1360 1590 1427 quoniam
1625 1360 1805 1422 timor,
1853 1361 1943 1428 qui
1988 1379 2051 1411 ex

135 1438 399 1499 praecepto
441 1432 666 1482 Comitis
705 1432 1038 1494 imminebat,
1094 1438 1155 1482 ut
1196 1432 1489 1483 arctissime
1532 1432 1890 1483 custodiretur
1932 1451 2049 1483 cus-

134 1504 282 1554 todes
333 1504 574 1570 urgebat.
671 1504 830 1554 Unde
881 1503 988 1554 suis
1038 1521 1092 1554 se
1144 1503 1420 1554 conatibus
1471 1504 1688 1554 liberari
1737 1522 1846 1555 non
1897 1523 2050 1571 posse

135 1576 490 1638 considerans,
513 1576 773 1627 scelerum
800 1593 1018 1625 suorum
1046 1575 1373 1626 conscientia
1399 1593 1453 1625 se
1480 1582 1781 1641 torquente,
1819 1577 2051 1642 graviter

133 1648 411 1714 ingemuit,
453 1654 610 1714 atque
637 1648 753 1698 Deo
783 1647 1041 1697 dilectum
1069 1646 1441 1697 Confessorem
1478 1665 1582 1714 quo
1614 1647 1715 1698 sibi
1747 1648 2050 1699 subveniret

133 1720 353 1786 indigno
407 1738 601 1785 magna
651 1719 821 1769 cordis
874 1718 1195 1769 contritione
1244 1719 1468 1785 rogavit.
1564 1719 1694 1769 Non
1745 1719 1888 1769 enim
1935 1720 2048 1787 jam

132 1792 272 1857 quod
314 1809 343 1841 a
388 1791 597 1842 Comite
632 1790 734 1841 sibi
767 1790 1089 1853 minabatur,
1129 1797 1240 1841 tam
1281 1790 1513 1856 corpor-is
1542 1791 1861 1857 supplicium
1890 1809 2049 1858 quam

131 1862 309 1913 anima
347 1862 667 1914 formidabat
708 1862 1018 1929 periculum.
1098 1863 1313 1913 Interea
1356 1863 1483 1912 dum
1527 1863 1789 1913 malorum
1830 1881 2049 1914 suorum

129 1934 576 1997 emendationem,
615 1935 658 1984 si
703 1934 861 1985 modo
905 1934 1167 1997 evaderet,
1217 1934 1502 2001 promittit,
1544 1934 1722 1985 subito
1768 1936 2047 2002 compedes

131 2006 331 2057 solutos
371 2007 577 2074 sibique
616 2006 844 2057 liberum
887 2006 1117 2057 abeundi
1157 2007 1335 2057 10011111
1375 2006 1609 2073 patuisse
1645 2007 1919 2074 conspicit.
1999 2009 2047 2060 O

128 2096 325 2145 magna
365 2079 467 2130 Dei
512 2078 826 2130 clementia!
919 2078 1088 2129 Ecce!
1132 2079 1272 2145 quod
1311 2078 1457 2145 prius
1501 2078 1740 2129 insonuit
1783 2097 1877 2145 per
1918 2080 2047 2131 Pro-

128 2150 410 2217 phetarum
438 2151 668 2214 oraculo,
690 2150 842 2201 nobis
862 2168 1006 2200 nunc
1032 2168 1125 2217 per
1144 2152 1256 2217 ipsa
1275 2150 1514 2217 loquitur
1540 2168 1715 2217 opera.
1795 2152 2050 2203 Peccator

130 2239 234 2288 qua
260 2222 344 2273 die
371 2240 651 2273 conversus
677 2222 840 2273 fuerit
878 2228 931 2272 et
965 2222 1304 2289 ingemuerit,
1344 2222 1525 2272 omnia
1554 2228 1771 2288 peccata
1796 2223 1910 2289 ejus
1938 2241 2047 2274 non

128 2293 566 2345 recordabuntur.
644 2295 827 2345 Laetus
866 2293 1045 2360 itaque
1086 2294 1227 2360 quod
1267 2311 1322 2344 se
1364 2293 1600 2343 solutum
1646 2300 1898 2356 senserat,
1954 2296 2047 2346 sed

130 2364 389 2416 sollicitus
456 2365 720 2432 quomodo
786 2365 1066 2416 custodum
1116 2364 1446 2431 vigilantiam
1512 2364 1773 2428 evaderet,
1832 2383 2047 2417 0111110111

131 2436 315 2487 salutis
344 2454 451 2487 suae
479 2437 853 2487 confidentiam
888 2436 1032 2487 beati
1061 2437 1226 2503 patris
1262 2436 1547 2487 Cuthberti
1574 2436 1840 2487 commisit
1866 2444 2043 2504 patro-

130 2508 287 2559 cinio.
364 2508 482 2559 Nec
522 2526 685 2559 mora.
763 2508 1089 2559 Custodibus
1135 2508 1201 2559 ad
1242 2508 1345 2558 alia
1387 2508 1674 2575 occupatiS,
1719 2514 1771 2559 et
1815 2509 1893 2559 nil
1938 2510 2046 2561 tale

132 2580 542 2647 suspicantibus,
584 2580 724 2647 fugae
749 2581 927 2631 locum
954 2580 1053 2631 sibi
1086 2580 1405 2647 permissum
1441 2598 1553 2630 esse
1583 2580 1870 2647 prospexit,
1899 2599 2043 2632 00111-

127 2652 285 2718 pedes
304 2652 664 2718 quantocitius
681 2652 928 2713 excussit,
952 2659 1111 2719 atque
1129 2670 1287 2703 cursu
1301 2651 1636 2718 rapidissimo
1656 2653 2042 2704 monasterium

128 2723 365 2786 intravit,
409 2724 770 2791 oppositisque
815 2724 962 2786 seris,
999 2725 1192 2792 januas
1232 2741 1416 2774 omnes
1456 2723 1570 2790 ipse
1611 2724 1754 2774 solus
1795 2724 1860 2775 ab
1898 2725 2041 2776 intro

128 2795 373 2846 firmavit.
452 2797 593 2847 Casu
633 2796 845 2863 quidem
884 2801 1146 2858 evenerat,
1199 2813 1322 2847 cum
1367 2801 1486 2862 post
1532 2795 1770 2847 Primam
1821 2798 2044 2863 egressis

128 2867 401 2930 fratribUS,
442 2868 534 2918 illo
572 2868 793 2930 veniret,
831 2874 891 2918 ut
930 2868 1140 2918 nullum
1175 2868 1321 2918 intus
1359 2867 1640 2918 inveniret.
1719 2868 1879 2919 Quod
1904 2869 2046 2920 inter

129 2939 326 2990 milites
371 2940 617 3001 Comitis,
669 2958 794 2990 nam
839 2946 892 2990 et
942 2940 1053 3007 ipse
1105 2940 1161 2989 in
1206 2940 1389 2990 eadem
1433 2939 1560 2990 villa
1603 2946 1734 2990 tunc
1779 2946 1909 3002 erat,
1951 2941 2044 2992 ubi

130 3011 371 3062 auditum
407 3018 503 3073 est,
541 3012 795 3063 continuo
831 3011 1064 3079 quidam,
1098 3011 1338 3062 Barwith
1372 3011 1607 3074 nomine,
1641 3011 1733 3078 qui
1767 3029 1950 3063 omnes
1986 3014 2043 3064 in

128 3083 274 3134 curia
322 3089 582 3150 potestate
632 3084 920 3150 praecessit,
965 3102 1134 3151 usque
1174 3084 1240 3134 ad
1288 3083 1601 3133 monasterii
1645 3084 1839 3150 januas
1888 3084 2042 3135 illum

128 3155 524 3222 insequebatur.
591 3155 739 3207 Quas
766 3174 888 3206 cum
915 3155 1184 3206 obseratas
1204 3155 1463 3222 illumque
1490 3155 1635 3205 intus
1659 3173 1773 3206 esse
1795 3156 2041 3220 advertit,

127 3226 294 3277 nimio
314 3244 434 3276 mox
456 3227 633 3277 furore
650 3245 901 3278 accensus
930 3233 966 3255 “
985 3227 1185 3290 Quid?
1213 3227 1406 3295 inquit,
1437 3228 1797 3277 “moramur?
1864 3228 2043 3280 Quare

131 3298 368 3365 “januas
394 3315 503 3348 non
529 3298 912 3366 infringimus?
987 3299 1180 3366 Neque
1208 3299 1350 3350 enim
1377 3299 1537 3366 hujus
1573 3298 1805 3349 hominis
1841 3301 2041 3350 mortui

129 3373 163 3396 “
180 3387 281 3435 pax
308 3387 338 3418 a
364 3369 479 3419 Deo
505 3377 584 3420 est
609 3371 857 3433 tenenda,
885 3378 946 3421 ut
970 3370 1133 3433 fures,
1161 3377 1414 3437 raptoreS,
1443 3376 1497 3420 et
1522 3370 1821 3432 homicidae,
1864 3370 1969 3421 huc
1996 3373 2040 3421 si

128 3445 162 3467 “
181 3440 535 3505 confugerint,
574 3441 727 3491 nobis
764 3442 1025 3493 insultent
1066 3442 1206 3509 quod
1245 3442 1498 3509 impuniti
1536 3441 1854 3492 evaserint.'’
1950 3442 2039 3493 Sic

127 3511 288 3561 miser
313 3511 402 3562 ille
429 3529 517 3562 ore
543 3511 859 3578 loquebatur
885 3514 1267 3564 contumelioso
1284 3535 1298 3575 3
1332 3513 1525 3564 furoris
1554 3513 1696 3563 enim
1722 3512 2038 3578 magnitudo

128 3584 390 3644 effecerat,
443 3589 503 3632 ut
554 3583 681 3649 quid
729 3584 1036 3650 loqueretur
1084 3585 1196 3651 ipse
1247 3585 1533 3651 ignoraret.
1612 3583 1718 3634 Sed
1756 3583 1842 3633 vix
1880 3586 2039 3637 verba

125 3655 495 3720 compleverat,
534 3655 684 3705 ecce!
729 3655 905 3706 subito
933 3656 1082 3722 quasi
1110 3656 1304 3723 sagitta
1331 3657 1557 3722 desuper
1584 3654 1815 3717 veniens,
1854 3666 2036 3722 caput-
