2384 4126
909 371 1097 405 SANCTI
1137 368 1468 404 CUTHBERTI.
2044 353 2147 402 199

231 505 357 550 11001
398 498 643 565 gratiam,
684 497 828 549 inter
863 497 993 548 alias
1033 514 1194 549 sacrae
1229 493 1588 548 venerationis
1629 492 1879 560 reliquias
1919 492 2146 543 honesto

232 570 364 633 haec,
405 570 608 621 scilicet
650 569 1049 631 Dunelmensis,
1091 569 1314 621 ecclesia
1349 571 1583 618 reservat
1617 565 1751 616 1000.
1829 566 1926 615 Εο1
1968 570 2147 615 autem

232 642 398 693 111110
384 660 442 692 111
468 659 572 709 quo
596 641 817 722 ponitur
850 658 914 692 ex
953 640 1090 708 pelle
1123 641 1393 692 rubricata
1424 638 1483 688 in
1508 637 1730 688 modum
1754 654 1895 704 perae
1918 636 2145 698 loculus,

232 713 435 765 habens
462 731 525 765 ex
545 713 728 775 serico,
758 712 937 780 quod
918 731 1034 780 Jam
1059 719 1296 763 vetustas
1317 709 1597 762 dissolvit
1583 727 1641 758 111
1665 709 1771 771 fila,
1799 707 2145 775 suspendicu-

232 785 346 835 lum
374 803 478 852 quo
503 803 596 852 per
622 785 775 848 00110,
796 791 857 835 111
877 784 1088 848 dicitur,
1109 785 1448 845 Sanctorum,
1468 780 1715 832 videlicet
1741 780 1885 831 beati
1904 778 2149 845 magistri

236 863 289 908 et
326 863 447 924 post
492 875 615 908 eum
659 857 905 924 discipuli
949 856 1032 906 sui
1081 857 1153 924 pii
1203 854 1448 916 11001οᾶ10,
1498 853 1634 904 liber
1676 851 2152 904 circumferebatul

233 929 515 996 pendulus.
594 929 760 979 Hunc
804 928 1080 995 episcopus
1125 928 1266 979 inter
1310 943 1610 978 sermonem
1655 942 1814 991 quem
1853 924 1911 973 in
1955 924 2147 973 Trans-

234 1000 451 1063 latione,
497 1006 558 1051 ut
599 1000 963 1067 supradictum
1004 1005 1101 1062 est,
1148 1000 1213 1050 ad
1255 998 1513 1067 populum
1556 996 1804 1058 faciebat,
1845 1013 1967 1047 cum
2012 995 2153 1045 elata

234 1091 398 1123 manu
425 1072 673 1123 omnibus
699 1072 1020 1134 ostenderet,
1063 1072 1320 1139 portitore
1354 1070 1572 1121 interim
1606 1068 1765 1135 paulo
1790 1066 2153 1134 negligentius

234 1162 416 1212 peram
461 1162 682 1195 vacuam
732 1145 873 1195 inter
924 1162 1250 1211 compressas
1301 1142 1487 1193 tuibas
1536 1146 1774 1203 tenente,
1821 1139 2038 1206 quidam
2089 1156 2154 1188 ex

238 1216 551 1267 officialibus
578 1216 809 1283 episcopi
843 1216 994 1265 filum
1035 1216 1100 1266 de
1138 1214 1511 1282 suspendiculo
1545 1212 1754 1262 furatus
1788 1211 1930 1262 inter
1956 1210 2153 1276 caligas

237 1294 291 1339 et
331 1288 679 1338 calciamenta
716 1287 818 1338 sibi
856 1287 1166 1350 abscondit,
1205 1287 1387 1353 ibique
1424 1285 1592 1336 donec
1630 1284 1733 1335 iret
1771 1283 2014 1334 cubitum
2053 1282 2152 1331 irr-

239 1365 514 1411 everenter
553 1359 660 1410 tale
700 1359 925 1410 servavit
964 1329 1188 1410 furtuni.
1264 1359 1442 1409 Nocte
1475 1374 1600 1407 vero
1635 1361 1816 1407 secuta
1852 1361 1965 1405 tam
2010 1352 2157 1420 gravi

239 1431 409 1482 cruris
460 1431 643 1498 ipsius,
690 1431 776 1482 cui
827 1431 976 1481 filum
1026 1430 1161 1481 illud
1209 1430 1384 1481 fuerat
1436 1428 1756 1496 appositum,
1807 1425 2159 1506 torquebatur

240 1503 440 1565 dolore,
468 1509 529 1553 ut
555 1521 662 1553 11011
690 1503 864 1553 00111111
889 1503 1094 1553 1111110111
1131 1501 1442 1553 dormiendo
1476 1505 1656 1567 posset
1681 1499 1877 1549 habere
1904 1497 2156 1577 quietem,

238 1593 423 1626 verum
450 1575 612 1626 etiam
639 1592 760 1625 cum
787 1580 1074 1641 augmento
1100 1574 1298 1624 doloris
1334 1579 1543 1623 tumore
1575 1576 1943 1638 groscescente
1970 1569 2157 1630 cruris,

237 1664 348 1696 non
369 1647 483 1713 jam
519 1647 683 1697 alium
722 1646 882 1713 hujus
915 1645 1174 1696 molestiae
1212 1646 1373 1695 finem
1406 1649 1621 1724 putaret
1654 1648 1971 1693 eventurum
1998 1658 2159 1721 quam

239 1724 484 1769 mortem.
549 1719 803 1768 Tremens
827 1735 952 1783 ergo
971 1734 1030 1767 ac
1050 1735 1248 1784 pavens
1272 1715 1519 1767 accersiri
1537 1714 1665 1765 fecit
1681 1713 2055 1781 presbiterum,
2075 1712 2160 1762 cui

238 1790 535 1841 temerariae
578 1788 1009 1856 praesumptionis
1054 1789 1313 1839 confitens
1350 1793 1577 1849 reatum,
1617 1786 1672 1836 id
1708 1785 1918 1836 consilii
1957 1784 2160 1851 accepit

240 1861 306 1912 ab
333 1861 426 1911 illo
452 1867 513 1911 ut
541 1867 846 1911 sanctarum
871 1860 1220 1927 reliquiarum
1249 1878 1408 1927 quam
1442 1858 1663 1925 indigne
1689 1857 1889 1908 tulerat
1914 1856 2160 1924 portione

238 1933 505 1996 restituta,
533 1933 760 1983 fratrum
795 1933 852 1983 in
892 1932 1113 1984 ecclesia
1149 1932 1250 1982 sibi
1284 1931 1597 1982 reformaret
1633 1929 1861 1996 gratiam
1879 1950 1892 1990 ;
1934 1946 2162 1995 quorum

238 2005 620 2056 intercessione
645 2004 831 2055 beatus
861 2004 1148 2055 Confessor
1173 2004 1430 2071 placatus,
1457 2002 1669 2054 veniam
1698 2000 1799 2052 sibi
1820 2001 1974 2051 stulti
2000 2018 2159 2051 ausus

238 2077 550 2143 impetraret
566 2098 580 2139 3
621 2076 826 2143 hocque
861 2076 1019 2127 modo
1058 2077 1174 2127 Deo
1210 2075 1312 2126 sibi
1353 2074 1582 2142 propitio
1617 2073 1901 2124 sanitatem
1927 2072 2162 2139 recipere

242 2150 458 2199 valeret.
535 2148 746 2199 Annuit
786 2148 877 2199 ille
922 2147 1124 2198 salubri
1168 2147 1407 2209 consilio,
1448 2145 1746 2212 baculoque
1798 2162 1858 2195 ac
1902 2143 2163 2194 ministris

242 2225 573 2271 sustentatus
613 2219 922 2286 perducitur
967 2220 1033 2270 ad
1075 2219 1334 2279 Priorem,
1375 2224 1429 2269 et
1468 2217 1619 2267 filum
1662 2216 1804 2283 quod
1843 2215 2031 2265 furtim
2071 2215 2161 2265 ab-

242 2292 468 2342 stulerat
494 2309 673 2342 coram
692 2291 941 2353 reddidit,
962 2290 1271 2357 poenitendo
1292 2289 1625 2340 satisfaciens
1652 2294 1705 2338 et
1730 2287 1965 2338 lacrimis
1991 2304 2086 2353 pro
2108 2305 2164 2337 se

245 2363 384 2430 apud
421 2364 680 2413 Sanctum
708 2362 1068 2414 Cuthbertum
1105 2361 1262 2423 orari,
1307 2361 1459 2428 cujus
1504 2359 1710 2410 meritis
1750 2365 1804 2409 et
1841 2358 2163 2409 temeritatis

242 2440 559 2502 perpetratae
584 2434 795 2485 veniam
831 2439 884 2484 et
919 2433 1164 2484 sanitatis
1202 2437 1497 2483 mereretur
1538 2430 1784 2498 gratiam.
1862 2429 1963 2481 Cui
1991 2430 2162 2492 Prior,

243 2511 278 2535 “
298 2506 529 2568 Quem,”
556 2505 748 2572 inquit,
778 2510 812 2533 “
830 2505 1117 2567 offendisti,
1145 2504 1194 2555 ei
1219 2503 1580 2565 reconciliare,
1601 2502 1834 2569 reposito
1861 2519 2020 2568 super
2047 2502 2161 2568 ejus

244 2582 279 2607 “
301 2578 604 2645 sepulcrum
643 2577 785 2644 quod
818 2576 1102 2628 abstulisti.
1108 2577 1142 2601 ’³
1218 2576 1294 2626 At
1319 2575 1428 2637 ille,
1468 2592 1563 2641 per
1593 2592 1646 2624 se
1671 2591 1781 2624 non
1808 2573 2007 2624 audens
2034 2573 2164 2624 illuc

245 2650 508 2712 accedere,
551 2648 932 2700 comitantibus
959 2647 1274 2715 quandoque
1300 2646 1554 2697 fratribus
1596 2645 1895 2708 adducitur,
1934 2644 2045 2707 ubi,
2087 2645 2161 2695 010

241 2722 441 2789 pariter
478 2720 774 2783 orantibus,
807 2720 959 2771 dolor
996 2719 1171 2771 omnis
1205 2718 1500 2769 infirmanti
1538 2718 1834 2779 mitescere,
1876 2723 1929 2768 et
1954 2685 2162 2767 inflatio

244 2793 496 2844 deformis
524 2792 682 2859 coepit
709 2792 1087 2843 detumescere.
1164 2792 1283 2842 Nec
1312 2791 1481 2841 multo
1515 2796 1652 2857 post,
1690 2789 1918 2839 sanitate
1954 2788 2021 2839 ad
2046 2806 2161 2855 per-

241 2865 443 2916 fectum
486 2864 866 2931 redintegrata,
910 2864 1053 2914 unde
1105 2881 1294 2930 corpus
1346 2862 1490 2912 illius
1542 2862 1609 2912 ad
1652 2867 1941 2928 tempusa
1912 2861 2159 2911 asalute

248 2936 545 2999 deficiebat,
585 2936 710 2987 inde
750 2936 959 2986 animus
999 2935 1065 2986 ad
1104 2954 1255 2986 suam
1296 2935 1524 2985 salutem
1562 2933 1699 2984 vires
1737 2932 2036 3000 reparabat,
2077 2950 2164 2983 ex-

244 3008 544 3076 perimento
570 3013 757 3059 tenens
778 3007 914 3059 illud
935 3008 1108 3059 Stulto
1125 3008 1421 3075 flayellatO,
1449 3006 1701 3072 insipiens
1720 3005 2009 3072 sapientior
2028 3005 2171 3055 erit.²

1127 3183 1284 3234 XXI.

254 3292 490 3351 Qualiter
500 3291 713 3357 juvenis
740 3308 1013 3356 oppressus
1038 3290 1131 3340 sub
1158 3290 1357 3356 inyenti
1373 3290 1608 3355 pondere
1632 3290 1770 3356 siyni
1805 3290 2005 3341 meritis
2032 3290 2170 3341 beati

836 3362 1104 3413 Cuthbertz·
1130 3362 1321 3412 illcesus
1348 3362 1588 3412 evaserit.

361 3475 558 3541 Elapso
584 3473 777 3524 dehinc
816 3479 1054 3540 tempore
1087 3479 1417 3524 memoratus
1451 3473 1622 3536 Prior,
1664 3473 1858 3524 ductus
1893 3472 2172 3523 devotione

252 3546 399 3598 beati
424 3545 590 3613 patris
619 3544 923 3607 Cuthberti,
966 3544 1033 3595 ad
1057 3545 1316 3595 honorem
1351 3545 1585 3596 ecclesiae
1622 3562 1781 3611 quam
1818 3561 1913 3594 suo
1939 3544 2175 3594 illustrat

1042 3664 1056 3680 ²
1086 3656 1211 3698 Prov.
1232 3656 1317 3698 xix,
1338 3658 1404 3697 25.
