2384 4126
698 383 824 417 vrrA
863 383 903 417 s.
946 381 1288 416 MARGARETAE
1329 381 1567 415 REGINAE.
1984 370 2086 418 251

165 506 354 558 vimus.
450 508 693 559 Flamma
736 509 928 576 quippe
973 507 1417 575 compunctioniS,
1477 525 1594 574 quae
1639 524 1729 558 cor
1776 507 1923 558 illius
1963 526 2088 559 con-

166 585 507 642 cremaverat,
546 598 609 630 ex
639 580 811 631 verbis
853 581 966 647 ejus
1003 579 1367 647 spiritualibus
1400 596 1576 629 meam
1611 596 1820 645 quoque
1855 586 2092 631 mentem

167 650 435 717 attigerat.
513 652 683 719 Cujus
726 669 820 718 per
856 652 1097 718 linguam
1138 652 1268 701 dum
1302 650 1464 701 verba
1506 650 1692 701 Sancti
1730 650 1961 717 Spiritus
1998 670 2090 701 au-

165 722 353 784 direm,
394 728 447 773 et
486 741 581 789 per
619 723 781 774 verba
820 723 1202 774 conscientiam
1244 723 1358 789 ejus
1393 722 1740 789 perviderem,
1781 729 1934 772 tanta
1976 723 2090 790 ejus

165 793 544 844 familiaritatis
581 795 754 861 gratia
790 813 876 845 me
906 795 1190 861 indignum
1222 794 1576 861 judicabam.⁷²
1651 794 1789 844 Cum
1818 793 1882 844 de
1908 812 2091 845 neces-

166 865 317 915 sariis
343 883 640 917 sermonem
666 866 886 929 finisset,
925 884 1108 916 rursus
1145 866 1222 916 ita
1246 884 1332 917 me
1360 865 1559 932 alloqui
1586 865 1762 932 coepit.
1841 870 1876 893 “
1896 866 2090 928 Vale,'’

165 937 357 1004 inquit.
437 942 471 966 “
488 939 606 1005 Ego
632 938 854 1004 posthac
880 938 937 988 in
963 938 1063 989 hac
1083 937 1191 988 vita
1217 937 1311 987 diu
1336 954 1446 987 non
1473 937 1759 987 subsistam
1778 958 1794 999 3
1823 943 1886 987 tu
1912 944 2093 989 autem

167 1013 200 1035 “
222 1026 333 1059 non
373 1027 533 1075 parvo
573 1016 693 1077 post
727 1028 812 1060 me
848 1016 1086 1076 tempore
1120 1009 1278 1060 vives.
1356 1010 1480 1059 Duo
1515 1026 1642 1075 ergo
1678 1015 1805 1059 sunt
1838 1027 1956 1076 quae
1984 1028 2014 1059 a
2039 1016 2093 1061 te

169 1084 201 1107 “
222 1081 434 1147 postulo
459 1102 469 1131 ε
509 1100 697 1143 unum,
730 1087 809 1143 ut,
848 1081 1103 1148 quamdiu
1128 1081 1336 1144 vixeris,
1366 1081 1556 1131 animae
1583 1099 1714 1132 meae
1741 1081 1799 1131 in
1825 1081 2010 1132 Missis
2039 1087 2093 1132 et

168 1156 202 1179 “
224 1152 571 1203 Orationibus
617 1154 725 1204 tuis
766 1153 1107 1216 memineris;
1165 1153 1327 1215 aliud,
1367 1158 1429 1202 ut
1469 1153 1703 1203 filiorum
1747 1170 1988 1203 meorum
2031 1171 2091 1204 ac

167 1224 452 1275 “filiarum
498 1243 679 1276 curam
723 1225 938 1287 habeas,
987 1243 1222 1275 amorem
1261 1225 1556 1291 impendaS,
1603 1225 1867 1292 praecipue
1914 1226 2090 1276 Deum

168 1300 203 1323 “
224 1296 412 1347 timere
439 1303 492 1347 et
519 1315 697 1348 amare
724 1297 929 1359 doceas,
972 1303 1024 1347 et
1052 1297 1117 1347 ab
1145 1296 1220 1347 eis
1248 1296 1498 1347 docendis
1528 1314 1806 1363 nunquam
1833 1297 2055 1347 desistas
2079 1318 2088 1348 :

167 1372 203 1395 “
224 1374 278 1418 et
305 1385 428 1419 cum
453 1368 512 1418 in
537 1369 750 1419 culmen
784 1374 1011 1420 terrenae
1046 1368 1325 1435 dignitatis
1358 1368 1650 1434 quemlibet
1678 1386 1740 1419 ex
1767 1368 1840 1419 eis
1869 1368 2092 1419 exaltari

167 1443 201 1467 ‘⁶
221 1440 428 1502 videris,
455 1440 600 1490 illius
629 1440 857 1491 maxime
883 1446 1034 1507 pater
1059 1440 1220 1490 simul
1247 1457 1307 1490 ac
1325 1440 1582 1506 magister
1609 1440 1825 1490 accedas
1844 1461 1858 1501 3
1889 1440 2091 1492 scilicet

168 1515 203 1540 “
226 1511 579 1574 admonendo,
620 1518 691 1574 et,
734 1529 857 1562 cum
883 1530 963 1562 res
990 1512 1244 1578 exegerit,
1282 1512 1586 1578 arguendo,
1627 1529 1695 1561 ne
1729 1518 1946 1578 propter
1977 1530 2090 1563 mo-

169 1588 202 1610 “
224 1589 570 1634 mentaneum
595 1584 853 1635 honorem
888 1584 946 1633 in
981 1583 1285 1650 superbiam
1311 1589 1534 1645 tumeat,
1574 1583 1775 1633 nedum
1801 1602 1894 1650 per
1921 1584 2088 1634 avari-

168 1659 203 1682 “
224 1655 355 1705 tiam
383 1655 631 1718 offendet,
671 1673 740 1706 ne
781 1673 876 1722 per
912 1655 1099 1705 mundi
1140 1655 1546 1722 prosperitatem
1574 1661 1787 1705 aeternae
1811 1655 1934 1705 vitae
1959 1673 2089 1722 neg-

168 1727 389 1793 “li[gat
428 1727 757 1778 felicitatem.
856 1727 990 1777 Haec
1035 1726 1215 1788 sunt,”
1262 1726 1454 1793 inquit,
1510 1731 1545 1754 “
1563 1726 1700 1793 quae]
1752 1732 1815 1776 ut
1866 1726 2090 1778 sollicite

168 1803 202 1826 “
223 1799 276 1849 fa
289 1799 437 1865 [cias,
478 1799 575 1850 sub
616 1799 720 1849 Dei
759 1797 1094 1865 praesentia]‚
1136 1798 1246 1850 Qui
1276 1816 1421 1849 nunc
1455 1798 1609 1848 nobis
1641 1798 1834 1848 tertius
1870 1798 2089 1861 assistit,

168 1874 198 1897 “
220 1871 352 1920 mihi
372 1888 548 1937 quaeso
570 1870 905 1937 promittas.”
972 1870 1184 1923 Quibus
1211 1888 1308 1936 ego
1325 1869 1497 1920 verbis
1519 1869 1717 1920 iterum
1737 1887 2090 1937 prorumpens

163 1942 220 1992 in
249 1942 448 2005 fletum,
477 1942 657 1992 omnia
683 1960 801 2009 quae
828 1947 1105 2008 rogaverat
1131 1942 1417 2008 diligenter
1436 1959 1521 1992 me
1547 1941 1767 2008 promisi
1786 1942 2052 1992 facturum
2072 1963 2087 2004 3

164 2032 275 2064 non
320 2014 461 2064 enim
512 2014 590 2064 illi
635 2014 998 2065 contradicere
1049 2013 1327 2076 audebam,
1386 2032 1546 2081 quam
1597 2013 1672 2064 sic
1722 2013 2093 2065 indubitanter

164 2085 349 2136 futura
388 2085 674 2152 praedicere
716 2086 1005 2137 audieram.
1086 2086 1239 2148 Quae,
1279 2092 1342 2135 ut
1383 2085 1717 2152 praedixerat,
1756 2085 1833 2135 ita
1858 2103 2002 2136 nunc
2037 2091 2091 2136 et

165 2175 247 2208 res
272 2157 387 2224 ipsa
414 2157 754 2224 comprobat3
796 2158 921 2224 quia
948 2164 1001 2208 et
1028 2175 1127 2223 ego
1153 2163 1274 2223 post
1299 2157 1444 2207 illius
1470 2163 1700 2207 mortem
1727 2156 1861 2218 vivo,
1896 2163 1949 2207 et
1976 2158 2090 2222 ejus

167 2229 404 2280 sobolem
447 2229 505 2278 in
548 2229 870 2295 dignitatem
910 2229 1126 2279 honoris
1173 2228 1516 2278 sublimatam
1552 2228 1766 2295 aspicio.
1860 2229 2090 2295 Expleta

163 2301 345 2367 itaque
397 2301 752 2351 collocutione
802 2301 1023 2351 domum
1071 2300 1357 2362 rediturus,
1411 2300 1641 2367 re[ginae
1680 2299 1935 2350 ultimum
1975 2300 2091 2351 vale

166 2372 275 2423 dixi
296 2372 331 2439 ι]
379 2390 489 2423 non
515 2372 659 2423 enim
685 2373 799 2440 ejus
824 2372 1015 2423 faciem
1042 2390 1279 2439 unquam
1308 2378 1489 2439 postea
1515 2371 1639 2422 vidi.

1047 2623 1215 2673 XIII.

656 2737 894 2796 Qualiter
920 2736 982 2787 de
1008 2738 1108 2787 hac
1133 2736 1243 2786 vita
1270 2735 1594 2801 miyraverz‘t.

275 2865 411 2915 ⁰Nec
448 2863 621 2914 multo
654 2868 774 2930 post
809 2861 999 2913 acriori
1034 2879 1193 2928 quam
1233 2866 1357 2911 ante
1396 2866 1740 2911 consueverat
1777 2860 2089 2913 infirmitate

168 2937 467 3004 corripitur,
525 2942 595 2997 et,
642 2940 767 2985 ante
811 2951 919 2985 suae
970 2933 1292 2984 evocationis
1331 2932 1491 2995 diem,
1536 2933 1712 2999 longae
1755 2934 2087 3000 aegritudinis

166 3008 291 3074 igne
326 3007 658 3074 decoquitur.
751 3006 918 3073 Cujus
958 3005 1166 3056 obitum
1201 3005 1294 3067 ita,
1327 3004 1473 3055 sicut
1518 3003 1583 3055 ab
1624 3005 1737 3072 ejus
1780 3005 2089 3073 presbytero

166 3080 347 3142 didici,
397 3078 624 3129 narrabo
641 3099 655 3140 3
711 3096 869 3145 quem
909 3077 1023 3144 ipsa
1062 3082 1279 3143 propter
1322 3076 1436 3143 ejus
1482 3076 1897 3143 simplicitatem,
1936 3077 2088 3128 inno-

168 3152 416 3214 centiam,
457 3150 775 3212 castitatem,
810 3167 917 3216 prae
946 3149 1151 3200 caeteris
1176 3148 1497 3199 familiarius·
1519 3147 1777 3199 dilexerat
1802 3170 1811 3199 :
1854 3149 1945 3215 qui
1970 3155 2091 3216 post

251 3293 269 3310 ’1
301 3284 476 3324 Instead
502 3283 548 3323 of
572 3283 646 3323 the
671 3283 801 3322 above
827 3281 1077 3333 paragraph,
1108 3281 1359 3333 Capgrave’s
1378 3279 1646 3331 abridgment
1666 3281 1712 3320 of
1736 3280 1822 3320 this
1840 3281 2090 3333 biography,

166 3340 338 3393 printed
374 3339 459 3378 also
495 3339 553 3390 by
591 3337 756 3387 Surius,
795 3338 870 3376 has
914 3350 958 3376 as
1006 3337 1164 3376 follows
1180 3336 1443 3377 z—Habebet
1486 3335 1788 3375 confessarium
1832 3336 2088 3387 Turgotum,

171 3395 406 3436 secundum
424 3393 618 3433 Priorem
637 3392 891 3432 Dunelmiae.
950 3391 1032 3431 Illo
1058 3404 1160 3443 ergo
1189 3391 1242 3431 ad
1272 3404 1314 3431 se
1343 3390 1556 3439 accersito,
1586 3390 1718 3430 vitam
1748 3403 1868 3430 suam
1887 3389 2089 3440 replicare

169 3450 311 3501 coepit,
340 3450 383 3489 et
412 3448 465 3487 ad
494 3447 662 3498 singula
679 3447 805 3486 verba
833 3446 1150 3497 lachrymarum
1170 3446 1348 3485 flumina
1366 3445 1647 3496 profundere3
1676 3447 1879 3495 tantaque
1900 3447 1991 3484 erat
2011 3445 2089 3483 sub

170 3504 261 3556 ejus
294 3502 556 3544 sermonibus
584 3500 869 3552 compunctio,
898 3502 1045 3540 tantus
1073 3501 1391 3552 lachrymarum
1415 3500 1563 3548 imber,
1593 3502 1643 3539 ut
1674 3499 1782 3538 nihil
1810 3499 2089 3549 proculdubio

170 3572 257 3600 esse
287 3558 519 3605 videretur,
548 3556 662 3607 quod
693 3558 797 3596 tunc
828 3568 852 3595 a
886 3555 1058 3596 Christo
1088 3555 1317 3607 impetrare
1345 3567 1433 3594 non
1461 3556 1613 3605 posset.
1672 3553 1774 3593 This
1799 3553 1835 3593 is
1860 3552 2006 3604 copied
2033 3554 2091 3604 by

169 3614 420 3661 Pinkerton,
449 3625 488 3662 p.
511 3614 604 3651 381.

252 3676 266 3692 ⁰
297 3667 337 3707 A
358 3667 430 3706 red
449 3667 588 3706 letter.
