<?xml version="1.0" encoding="UTF-8"?>
<!DOCTYPE html PUBLIC "-//W3C//DTD XHTML 1.0 Transitional//EN"
    "http://www.w3.org/TR/xhtml1/DTD/xhtml1-transitional.dtd">
<html xmlns="http://www.w3.org/1999/xhtml" xml:lang="en" lang="en">
 <head>
  <title>
</title>
<meta http-equiv="Content-Type" content="text/html;charset=utf-8" />
  <meta name='ocr-system' content='tesseract 3.04.00' />
  <meta name='ocr-capabilities' content='ocr_page ocr_carea ocr_par ocr_line ocrx_word'/>
</head>
<body>
  <div class='ocr_page' id='page_1' title='image "./operacollect00simerich_0266.png"; bbox 0 0 2384 4126; ppageno 0'>
   <div class='ocr_carea' id='block_1_1' title="bbox 354 370 1695 421">
    <p class='ocr_par' dir='ltr' id='par_1_1' title="bbox 354 370 1695 421">
     <span class='ocr_line' id='line_1_1' title="bbox 354 370 1695 421; baseline 0.001 -4"><span class='ocrx_word' id='word_1_1' title='bbox 354 370 377 417; x_wconf 91' lang='lat'>1</span> <span class='ocrx_word' id='word_1_2' title='bbox 390 371 456 421; x_wconf 85' lang='lat'>76</span> <span class='ocrx_word' id='word_1_3' title='bbox 941 387 1197 420; x_wconf 77' lang='lat' dir='ltr'>HISTORIA</span> <span class='ocrx_word' id='word_1_4' title='bbox 1239 387 1695 420; x_wconf 71' lang='lat' dir='ltr'>TRANSLA&#39;rmNUM</span> 
     </span>
    </p>
   </div>
   <div class='ocr_carea' id='block_1_2' title="bbox 351 510 2284 2311">
    <p class='ocr_par' dir='ltr' id='par_1_2' title="bbox 351 510 2284 2311">
     <span class='ocr_line' id='line_1_2' title="bbox 353 510 2272 581; baseline -0.002 -18"><span class='ocrx_word' id='word_1_5' title='bbox 353 519 435 563; x_wconf 91' lang='lat' dir='ltr'>tot</span> <span class='ocrx_word' id='word_1_6' title='bbox 462 520 515 564; x_wconf 91' lang='lat' dir='ltr'>et</span> <span class='ocrx_word' id='word_1_7' title='bbox 536 514 702 564; x_wconf 89' lang='lat' dir='ltr'>tantis</span> <span class='ocrx_word' id='word_1_8' title='bbox 721 513 1002 564; x_wconf 89' lang='lat' dir='ltr'>hominum</span> <span class='ocrx_word' id='word_1_9' title='bbox 1023 531 1379 581; x_wconf 80' lang='lat' dir='ltr'>pecorumque</span> <span class='ocrx_word' id='word_1_10' title='bbox 1399 513 1572 564; x_wconf 89' lang='lat' dir='ltr'>turbis</span> <span class='ocrx_word' id='word_1_11' title='bbox 1593 513 1773 580; x_wconf 82' lang='lat' dir='ltr'>oppidi</span> <span class='ocrx_word' id='word_1_12' title='bbox 1794 512 1964 579; x_wconf 89' lang='lat' dir='ltr'>spatia</span> <span class='ocrx_word' id='word_1_13' title='bbox 1984 510 2272 561; x_wconf 88' lang='lat' dir='ltr'>sufficiunt.</span> 
     </span>
     <span class='ocr_line' id='line_1_3' title="bbox 355 582 2275 653; baseline -0.002 -18"><span class='ocrx_word' id='word_1_14' title='bbox 355 585 509 636; x_wconf 90' lang='lat' dir='ltr'>Inter</span> <span class='ocrx_word' id='word_1_15' title='bbox 535 585 648 637; x_wconf 88' lang='lat' dir='ltr'>haec</span> <span class='ocrx_word' id='word_1_16' title='bbox 674 585 819 636; x_wconf 89' lang='lat' dir='ltr'>haud</span> <span class='ocrx_word' id='word_1_17' title='bbox 853 586 1040 653; x_wconf 89' lang='lat' dir='ltr'>procul</span> <span class='ocrx_word' id='word_1_18' title='bbox 1069 585 1193 637; x_wconf 90' lang='lat' dir='ltr'>inde</span> <span class='ocrx_word' id='word_1_19' title='bbox 1221 587 1286 636; x_wconf 92' lang='lat' dir='ltr'>ad</span> <span class='ocrx_word' id='word_1_20' title='bbox 1322 586 1741 652; x_wconf 75' lang='lat' dir='ltr'>septentrionem</span> <span class='ocrx_word' id='word_1_21' title='bbox 1777 602 1897 634; x_wconf 88' lang='lat' dir='ltr'>suas</span> <span class='ocrx_word' id='word_1_22' title='bbox 1930 582 2106 650; x_wconf 87' lang='lat' dir='ltr'>copias</span> <span class='ocrx_word' id='word_1_23' title='bbox 2132 582 2275 632; x_wconf 90' lang='lat' dir='ltr'>Mal-</span> 
     </span>
     <span class='ocr_line' id='line_1_4' title="bbox 355 654 2274 725; baseline -0.002 -18"><span class='ocrx_word' id='word_1_24' title='bbox 355 657 559 708; x_wconf 88' lang='lat' dir='ltr'>colmus</span> <span class='ocrx_word' id='word_1_25' title='bbox 589 658 836 721; x_wconf 86' lang='lat' dir='ltr'>collocat,</span> <span class='ocrx_word' id='word_1_26' title='bbox 863 658 1044 725; x_wconf 85' lang='lat' dir='ltr'>ibique</span> <span class='ocrx_word' id='word_1_27' title='bbox 1073 658 1276 725; x_wconf 80' lang='lat' dir='ltr'>aliquot</span> <span class='ocrx_word' id='word_1_28' title='bbox 1304 658 1488 709; x_wconf 84' lang='lat' dir='ltr'>diebus</span> <span class='ocrx_word' id='word_1_29' title='bbox 1517 658 1840 708; x_wconf 78' lang='lat' dir='ltr'>demoratur.</span> <span class='ocrx_word' id='word_1_30' title='bbox 1907 656 2122 706; x_wconf 75' lang='lat' dir='ltr'>Interea</span> <span class='ocrx_word' id='word_1_31' title='bbox 2149 654 2274 704; x_wconf 90' lang='lat' dir='ltr'>civi-</span> 
     </span>
     <span class='ocr_line' id='line_1_5' title="bbox 354 727 2275 797; baseline -0.002 -18"><span class='ocrx_word' id='word_1_32' title='bbox 354 736 530 780; x_wconf 85' lang='lat' dir='ltr'>tatum</span> <span class='ocrx_word' id='word_1_33' title='bbox 559 749 677 797; x_wconf 90' lang='lat' dir='ltr'>quae</span> <span class='ocrx_word' id='word_1_34' title='bbox 706 730 958 797; x_wconf 83' lang='lat' dir='ltr'>proximae</span> <span class='ocrx_word' id='word_1_35' title='bbox 983 730 1198 781; x_wconf 83' lang='lat' dir='ltr'>fuerant</span> <span class='ocrx_word' id='word_1_36' title='bbox 1224 748 1480 797; x_wconf 88' lang='lat' dir='ltr'>proceres,</span> <span class='ocrx_word' id='word_1_37' title='bbox 1503 747 1800 780; x_wconf 81' lang='lat' dir='ltr'>numerosae</span> <span class='ocrx_word' id='word_1_38' title='bbox 1821 727 2121 795; x_wconf 82' lang='lat' dir='ltr'>juventutis</span> <span class='ocrx_word' id='word_1_39' title='bbox 2151 744 2275 776; x_wconf 88' lang='lat' dir='ltr'>con-</span> 
     </span>
     <span class='ocr_line' id='line_1_6' title="bbox 356 799 2277 869; baseline -0.002 -18"><span class='ocrx_word' id='word_1_40' title='bbox 356 801 539 869; x_wconf 90' lang='lat' dir='ltr'>stipati</span> <span class='ocrx_word' id='word_1_41' title='bbox 578 802 789 864; x_wconf 89' lang='lat' dir='ltr'>militia,</span> <span class='ocrx_word' id='word_1_42' title='bbox 828 801 1066 852; x_wconf 87' lang='lat' dir='ltr'>hostium</span> <span class='ocrx_word' id='word_1_43' title='bbox 1096 808 1319 852; x_wconf 91' lang='lat' dir='ltr'>conatus</span> <span class='ocrx_word' id='word_1_44' title='bbox 1345 802 1635 869; x_wconf 70' lang='lat' dir='ltr'>praepedire</span> <span class='ocrx_word' id='word_1_45' title='bbox 1661 800 2023 862; x_wconf 75' lang='lat' dir='ltr'>maturabant,</span> <span class='ocrx_word' id='word_1_46' title='bbox 2058 799 2277 866; x_wconf 83' lang='lat' dir='ltr'>jamque</span> 
     </span>
     <span class='ocr_line' id='line_1_7' title="bbox 354 871 2278 941; baseline -0.002 -17"><span class='ocrx_word' id='word_1_47' title='bbox 354 880 408 924; x_wconf 93' lang='lat' dir='ltr'>et</span> <span class='ocrx_word' id='word_1_48' title='bbox 437 874 541 941; x_wconf 90' lang='lat' dir='ltr'>ipsi</span> <span class='ocrx_word' id='word_1_49' title='bbox 573 874 632 924; x_wconf 92' lang='lat' dir='ltr'>in</span> <span class='ocrx_word' id='word_1_50' title='bbox 670 874 867 924; x_wconf 90' lang='lat' dir='ltr'>vicinia</span> <span class='ocrx_word' id='word_1_51' title='bbox 897 874 1156 924; x_wconf 90' lang='lat' dir='ltr'>Dunelmi</span> <span class='ocrx_word' id='word_1_52' title='bbox 1192 873 1257 924; x_wconf 90' lang='lat' dir='ltr'>ad</span> <span class='ocrx_word' id='word_1_53' title='bbox 1299 880 1540 924; x_wconf 82' lang='lat' dir='ltr'>austrum</span> <span class='ocrx_word' id='word_1_54' title='bbox 1582 880 1756 923; x_wconf 88' lang='lat' dir='ltr'>castra</span> <span class='ocrx_word' id='word_1_55' title='bbox 1788 878 2092 939; x_wconf 74' lang='lat' dir='ltr'>posuerant.</span> <span class='ocrx_word' id='word_1_56' title='bbox 2173 871 2278 920; x_wconf 80' lang='lat' dir='ltr'>Sed</span> 
     </span>
     <span class='ocr_line' id='line_1_8' title="bbox 353 943 2278 1013; baseline -0.002 -18"><span class='ocrx_word' id='word_1_57' title='bbox 353 951 582 1013; x_wconf 90' lang='lat' dir='ltr'>uterque</span> <span class='ocrx_word' id='word_1_58' title='bbox 620 946 867 1013; x_wconf 90' lang='lat' dir='ltr'>populus,</span> <span class='ocrx_word' id='word_1_59' title='bbox 908 946 1037 995; x_wconf 88' lang='lat' dir='ltr'>dum</span> <span class='ocrx_word' id='word_1_60' title='bbox 1074 946 1155 996; x_wconf 91' lang='lat' dir='ltr'>sui</span> <span class='ocrx_word' id='word_1_61' title='bbox 1190 945 1406 1012; x_wconf 91' lang='lat' dir='ltr'>utrique</span> <span class='ocrx_word' id='word_1_62' title='bbox 1432 952 1583 996; x_wconf 91' lang='lat' dir='ltr'>metu</span> <span class='ocrx_word' id='word_1_63' title='bbox 1611 952 1703 995; x_wconf 90' lang='lat' dir='ltr'>aut</span> <span class='ocrx_word' id='word_1_64' title='bbox 1729 962 1912 1011; x_wconf 88' lang='lat' dir='ltr'>pacem</span> <span class='ocrx_word' id='word_1_65' title='bbox 1940 943 2157 994; x_wconf 86' lang='lat' dir='ltr'>alterius</span> <span class='ocrx_word' id='word_1_66' title='bbox 2185 948 2278 992; x_wconf 84' lang='lat' dir='ltr'>aut</span> 
     </span>
     <span class='ocr_line' id='line_1_9' title="bbox 353 1015 2275 1085; baseline -0.003 -17"><span class='ocrx_word' id='word_1_67' title='bbox 353 1017 540 1084; x_wconf 86' lang='lat' dir='ltr'>fugam</span> <span class='ocrx_word' id='word_1_68' title='bbox 568 1018 747 1068; x_wconf 90' lang='lat' dir='ltr'>animo</span> <span class='ocrx_word' id='word_1_69' title='bbox 767 1017 1054 1085; x_wconf 89' lang='lat' dir='ltr'>promittit,</span> <span class='ocrx_word' id='word_1_70' title='bbox 1078 1017 1475 1084; x_wconf 88' lang='lat' dir='ltr'>aliquantulum</span> <span class='ocrx_word' id='word_1_71' title='bbox 1501 1017 1756 1084; x_wconf 87' lang='lat' dir='ltr'>temporis</span> <span class='ocrx_word' id='word_1_72' title='bbox 1783 1015 1983 1066; x_wconf 85' lang='lat' dir='ltr'>ibidem</span> <span class='ocrx_word' id='word_1_73' title='bbox 2010 1015 2275 1080; x_wconf 74' lang='lat' dir='ltr'>transigit.</span> 
     </span>
     <span class='ocr_line' id='line_1_10' title="bbox 357 1087 2277 1155; baseline -0.002 -15"><span class='ocrx_word' id='word_1_74' title='bbox 357 1090 445 1140; x_wconf 87' lang='lat' dir='ltr'>Ita</span> <span class='ocrx_word' id='word_1_75' title='bbox 488 1096 679 1140; x_wconf 88' lang='lat' dir='ltr'>neuter</span> <span class='ocrx_word' id='word_1_76' title='bbox 721 1089 960 1139; x_wconf 89' lang='lat' dir='ltr'>hostium</span> <span class='ocrx_word' id='word_1_77' title='bbox 1007 1089 1162 1139; x_wconf 87' lang='lat' dir='ltr'>alteri</span> <span class='ocrx_word' id='word_1_78' title='bbox 1206 1089 1421 1155; x_wconf 90' lang='lat' dir='ltr'>quidem</span> <span class='ocrx_word' id='word_1_79' title='bbox 1469 1088 1839 1149; x_wconf 87' lang='lat' dir='ltr'>formidabilis,</span> <span class='ocrx_word' id='word_1_80' title='bbox 1890 1087 2108 1137; x_wconf 82' lang='lat' dir='ltr'>inclusis</span> <span class='ocrx_word' id='word_1_81' title='bbox 2153 1104 2277 1137; x_wconf 89' lang='lat' dir='ltr'>vero</span> 
     </span>
     <span class='ocr_line' id='line_1_11' title="bbox 354 1159 2277 1242; baseline -0.002 -31"><span class='ocrx_word' id='word_1_82' title='bbox 354 1168 580 1242; x_wconf 82' lang='lat' dir='ltr'>uterque</span> <span class='ocrx_word' id='word_1_83' title='bbox 608 1179 669 1212; x_wconf 85' lang='lat' dir='ltr'>ex</span> <span class='ocrx_word' id='word_1_84' title='bbox 697 1161 807 1211; x_wconf 91' lang='lat' dir='ltr'>otio</span> <span class='ocrx_word' id='word_1_85' title='bbox 832 1160 938 1211; x_wconf 87' lang='lat' dir='ltr'>fuit</span> <span class='ocrx_word' id='word_1_86' title='bbox 962 1160 1333 1211; x_wconf 90' lang='lat' dir='ltr'>intolerabilis.</span> <span class='ocrx_word' id='word_1_87' title='bbox 1410 1161 1556 1211; x_wconf 87' lang='lat' dir='ltr'>Nam</span> <span class='ocrx_word' id='word_1_88' title='bbox 1584 1160 1744 1210; x_wconf 91' lang='lat' dir='ltr'>simul</span> <span class='ocrx_word' id='word_1_89' title='bbox 1770 1159 2052 1209; x_wconf 88' lang='lat' dir='ltr'>hominum</span> <span class='ocrx_word' id='word_1_90' title='bbox 2079 1165 2131 1209; x_wconf 91' lang='lat' dir='ltr'>et</span> <span class='ocrx_word' id='word_1_91' title='bbox 2158 1176 2277 1224; x_wconf 94' lang='lat' dir='ltr'>pro-</span> 
     </span>
     <span class='ocr_line' id='line_1_12' title="bbox 351 1230 2279 1313; baseline -0.002 -30"><span class='ocrx_word' id='word_1_92' title='bbox 351 1233 543 1283; x_wconf 90' lang='lat' dir='ltr'>miscui</span> <span class='ocrx_word' id='word_1_93' title='bbox 569 1251 734 1313; x_wconf 85' lang='lat' dir='ltr'>gener</span> <span class='ocrx_word' id='word_1_94' title='bbox 736 1233 779 1282; x_wconf 92' lang='lat' dir='ltr'>is</span> <span class='ocrx_word' id='word_1_95' title='bbox 809 1232 1121 1283; x_wconf 90' lang='lat' dir='ltr'>animalium</span> <span class='ocrx_word' id='word_1_96' title='bbox 1147 1232 1457 1294; x_wconf 84' lang='lat' dir='ltr'>multitudO,</span> <span class='ocrx_word' id='word_1_97' title='bbox 1486 1250 1603 1299; x_wconf 87' lang='lat' dir='ltr'>quae</span> <span class='ocrx_word' id='word_1_98' title='bbox 1629 1232 1686 1281; x_wconf 90' lang='lat' dir='ltr'>in</span> <span class='ocrx_word' id='word_1_99' title='bbox 1708 1230 1982 1298; x_wconf 82' lang='lat' dir='ltr'>angustias</span> <span class='ocrx_word' id='word_1_100' title='bbox 2004 1230 2279 1297; x_wconf 87' lang='lat' dir='ltr'>compulsa</span> 
     </span>
     <span class='ocr_line' id='line_1_13' title="bbox 354 1302 2277 1372; baseline -0.002 -17"><span class='ocrx_word' id='word_1_101' title='bbox 354 1305 546 1367; x_wconf 84' lang='lat' dir='ltr'>fuerat,</span> <span class='ocrx_word' id='word_1_102' title='bbox 583 1305 669 1355; x_wconf 83' lang='lat' dir='ltr'>vix</span> <span class='ocrx_word' id='word_1_103' title='bbox 703 1322 831 1368; x_wconf 91' lang='lat' dir='ltr'>sese,</span> <span class='ocrx_word' id='word_1_104' title='bbox 860 1305 964 1355; x_wconf 90' lang='lat' dir='ltr'>alio</span> <span class='ocrx_word' id='word_1_105' title='bbox 996 1305 1160 1355; x_wconf 89' lang='lat' dir='ltr'>alium</span> <span class='ocrx_word' id='word_1_106' title='bbox 1195 1311 1488 1372; x_wconf 82' lang='lat' dir='ltr'>premente,</span> <span class='ocrx_word' id='word_1_107' title='bbox 1516 1304 1737 1355; x_wconf 79' lang='lat' dir='ltr'>feiebat.</span> <span class='ocrx_word' id='word_1_108' title='bbox 1815 1304 1933 1353; x_wconf 89' lang='lat' dir='ltr'>Nec</span> <span class='ocrx_word' id='word_1_109' title='bbox 1968 1302 2123 1353; x_wconf 87' lang='lat' dir='ltr'>facile</span> <span class='ocrx_word' id='word_1_110' title='bbox 2158 1319 2277 1369; x_wconf 86' lang='lat' dir='ltr'>pro-</span> 
     </span>
     <span class='ocr_line' id='line_1_14' title="bbox 354 1374 2279 1444; baseline -0.002 -17"><span class='ocrx_word' id='word_1_111' title='bbox 354 1377 520 1444; x_wconf 83' lang='lat' dir='ltr'>gredi,</span> <span class='ocrx_word' id='word_1_112' title='bbox 563 1394 663 1427; x_wconf 88' lang='lat' dir='ltr'>nec</span> <span class='ocrx_word' id='word_1_113' title='bbox 697 1394 889 1444; x_wconf 91' lang='lat' dir='ltr'>pecora</span> <span class='ocrx_word' id='word_1_114' title='bbox 928 1376 986 1426; x_wconf 90' lang='lat' dir='ltr'>in</span> <span class='ocrx_word' id='word_1_115' title='bbox 1024 1383 1298 1444; x_wconf 89' lang='lat' dir='ltr'>pasturam</span> <span class='ocrx_word' id='word_1_116' title='bbox 1334 1376 1523 1444; x_wconf 80' lang='lat' dir='ltr'>ejicere</span> <span class='ocrx_word' id='word_1_117' title='bbox 1560 1376 1840 1443; x_wconf 90' lang='lat' dir='ltr'>quisquam</span> <span class='ocrx_word' id='word_1_118' title='bbox 1873 1374 2119 1438; x_wconf 86' lang='lat' dir='ltr'>audebat,</span> <span class='ocrx_word' id='word_1_119' title='bbox 2157 1392 2279 1424; x_wconf 90' lang='lat' dir='ltr'>cum</span> 
     </span>
     <span class='ocr_line' id='line_1_15' title="bbox 357 1448 2279 1516; baseline -0.002 -17"><span class='ocrx_word' id='word_1_120' title='bbox 357 1449 548 1516; x_wconf 84' lang='lat' dir='ltr'>gladiis</span> <span class='ocrx_word' id='word_1_121' title='bbox 585 1449 823 1516; x_wconf 89' lang='lat' dir='ltr'>undique</span> <span class='ocrx_word' id='word_1_122' title='bbox 859 1448 1220 1516; x_wconf 80' lang='lat' dir='ltr'>circumsepti,</span> <span class='ocrx_word' id='word_1_123' title='bbox 1261 1449 1387 1500; x_wconf 89' lang='lat' dir='ltr'>hinc</span> <span class='ocrx_word' id='word_1_124' title='bbox 1419 1455 1472 1499; x_wconf 90' lang='lat' dir='ltr'>et</span> <span class='ocrx_word' id='word_1_125' title='bbox 1497 1449 1622 1500; x_wconf 90' lang='lat' dir='ltr'>inde</span> <span class='ocrx_word' id='word_1_126' title='bbox 1649 1448 2002 1515; x_wconf 86' lang='lat' dir='ltr'>praedationes</span> <span class='ocrx_word' id='word_1_127' title='bbox 2027 1453 2279 1497; x_wconf 88' lang='lat' dir='ltr'>mortem-</span> 
     </span>
     <span class='ocr_line' id='line_1_16' title="bbox 354 1519 2281 1588; baseline -0.002 -17"><span class='ocrx_word' id='word_1_128' title='bbox 354 1539 456 1588; x_wconf 89' lang='lat' dir='ltr'>que</span> <span class='ocrx_word' id='word_1_129' title='bbox 496 1521 777 1572; x_wconf 88' lang='lat' dir='ltr'>timebant.</span> <span class='ocrx_word' id='word_1_130' title='bbox 864 1520 1012 1573; x_wconf 76' lang='lat' dir='ltr'>Quid</span> <span class='ocrx_word' id='word_1_131' title='bbox 1052 1522 1227 1572; x_wconf 90' lang='lat' dir='ltr'>dicam</span> <span class='ocrx_word' id='word_1_132' title='bbox 1263 1521 1584 1572; x_wconf 88' lang='lat' dir='ltr'>cimiterium</span> <span class='ocrx_word' id='word_1_133' title='bbox 1629 1519 2017 1588; x_wconf 84' lang='lat' dir='ltr'>constipatione</span> <span class='ocrx_word' id='word_1_134' title='bbox 2059 1537 2281 1585; x_wconf 87' lang='lat' dir='ltr'>gregum</span> 
     </span>
     <span class='ocr_line' id='line_1_17' title="bbox 355 1592 2282 1661; baseline -0.002 -18"><span class='ocrx_word' id='word_1_135' title='bbox 355 1611 689 1661; x_wconf 91' lang='lat' dir='ltr'>quorumque</span> <span class='ocrx_word' id='word_1_136' title='bbox 717 1593 984 1661; x_wconf 88' lang='lat' dir='ltr'>occupari,</span> <span class='ocrx_word' id='word_1_137' title='bbox 1025 1611 1148 1644; x_wconf 90' lang='lat' dir='ltr'>cum</span> <span class='ocrx_word' id='word_1_138' title='bbox 1175 1594 1242 1645; x_wconf 92' lang='lat' dir='ltr'>ab</span> <span class='ocrx_word' id='word_1_139' title='bbox 1268 1594 1350 1644; x_wconf 92' lang='lat' dir='ltr'>his</span> <span class='ocrx_word' id='word_1_140' title='bbox 1378 1593 1465 1643; x_wconf 85' lang='lat' dir='ltr'>vix</span> <span class='ocrx_word' id='word_1_141' title='bbox 1490 1593 1747 1644; x_wconf 90' lang='lat' dir='ltr'>immunis</span> <span class='ocrx_word' id='word_1_142' title='bbox 1774 1592 1858 1643; x_wconf 90' lang='lat' dir='ltr'>vel</span> <span class='ocrx_word' id='word_1_143' title='bbox 1884 1592 1995 1642; x_wconf 91' lang='lat' dir='ltr'>sola</span> <span class='ocrx_word' id='word_1_144' title='bbox 2019 1592 2282 1658; x_wconf 91' lang='lat' dir='ltr'>potuisset</span> 
     </span>
     <span class='ocr_line' id='line_1_18' title="bbox 357 1663 2281 1732; baseline -0.002 -16"><span class='ocrx_word' id='word_1_145' title='bbox 357 1666 581 1716; x_wconf 88' lang='lat' dir='ltr'>ccclesia</span> <span class='ocrx_word' id='word_1_146' title='bbox 607 1666 843 1716; x_wconf 83' lang='lat' dir='ltr'>servari?</span> <span class='ocrx_word' id='word_1_147' title='bbox 911 1666 1014 1717; x_wconf 92' lang='lat' dir='ltr'>His</span> <span class='ocrx_word' id='word_1_148' title='bbox 1041 1666 1293 1717; x_wconf 79' lang='lat' dir='ltr'>admixtae</span> <span class='ocrx_word' id='word_1_149' title='bbox 1319 1665 1609 1728; x_wconf 87' lang='lat' dir='ltr'>infantum,</span> <span class='ocrx_word' id='word_1_150' title='bbox 1636 1683 1940 1732; x_wconf 90' lang='lat' dir='ltr'>puerorum,</span> <span class='ocrx_word' id='word_1_151' title='bbox 1968 1663 2281 1714; x_wconf 87' lang='lat' dir='ltr'>mulierum-</span> 
     </span>
     <span class='ocr_line' id='line_1_19' title="bbox 355 1735 2282 1805; baseline -0.002 -17"><span class='ocrx_word' id='word_1_152' title='bbox 355 1756 457 1805; x_wconf 91' lang='lat' dir='ltr'>que</span> <span class='ocrx_word' id='word_1_153' title='bbox 484 1738 656 1788; x_wconf 79' lang='lat' dir='ltr'>turbae</span> <span class='ocrx_word' id='word_1_154' title='bbox 682 1737 911 1805; x_wconf 89' lang='lat' dir='ltr'>parietes</span> <span class='ocrx_word' id='word_1_155' title='bbox 939 1738 1176 1789; x_wconf 88' lang='lat' dir='ltr'>ecclesiae</span> <span class='ocrx_word' id='word_1_156' title='bbox 1202 1738 1625 1799; x_wconf 87' lang='lat' dir='ltr'>circumvallant,</span> <span class='ocrx_word' id='word_1_157' title='bbox 1657 1738 1746 1788; x_wconf 89' lang='lat' dir='ltr'>ubi</span> <span class='ocrx_word' id='word_1_158' title='bbox 1773 1736 2006 1787; x_wconf 88' lang='lat' dir='ltr'>confusis</span> <span class='ocrx_word' id='word_1_159' title='bbox 2028 1735 2282 1787; x_wconf 86' lang='lat' dir='ltr'>continue</span> 
     </span>
     <span class='ocr_line' id='line_1_20' title="bbox 354 1808 2283 1877; baseline -0.002 -17"><span class='ocrx_word' id='word_1_160' title='bbox 354 1810 676 1861; x_wconf 90' lang='lat' dir='ltr'>clamoribus</span> <span class='ocrx_word' id='word_1_161' title='bbox 704 1810 1052 1877; x_wconf 88' lang='lat' dir='ltr'>psallentium</span> <span class='ocrx_word' id='word_1_162' title='bbox 1084 1810 1142 1860; x_wconf 90' lang='lat' dir='ltr'>in</span> <span class='ocrx_word' id='word_1_163' title='bbox 1178 1810 1403 1861; x_wconf 91' lang='lat' dir='ltr'>ecclesia</span> <span class='ocrx_word' id='word_1_164' title='bbox 1429 1827 1583 1860; x_wconf 91' lang='lat' dir='ltr'>voces</span> <span class='ocrx_word' id='word_1_165' title='bbox 1615 1809 1949 1876; x_wconf 86' lang='lat' dir='ltr'>perturbant.</span> <span class='ocrx_word' id='word_1_166' title='bbox 2028 1808 2283 1858; x_wconf 89' lang='lat' dir='ltr'>Murmur</span> 
     </span>
     <span class='ocr_line' id='line_1_21' title="bbox 353 1881 2281 1946; baseline -0.002 -14"><span class='ocrx_word' id='word_1_167' title='bbox 353 1882 570 1933; x_wconf 89' lang='lat' dir='ltr'>illorum</span> <span class='ocrx_word' id='word_1_168' title='bbox 611 1882 840 1934; x_wconf 84' lang='lat' dir='ltr'>miseriae</span> <span class='ocrx_word' id='word_1_169' title='bbox 881 1882 1097 1933; x_wconf 87' lang='lat' dir='ltr'>miseria</span> <span class='ocrx_word' id='word_1_170' title='bbox 1138 1889 1252 1934; x_wconf 88' lang='lat' dir='ltr'>erat</span> <span class='ocrx_word' id='word_1_171' title='bbox 1294 1882 1456 1933; x_wconf 87' lang='lat' dir='ltr'>etiam</span> <span class='ocrx_word' id='word_1_172' title='bbox 1498 1882 1696 1932; x_wconf 86' lang='lat' dir='ltr'>audire.</span> <span class='ocrx_word' id='word_1_173' title='bbox 1773 1881 2016 1941; x_wconf 88' lang='lat' dir='ltr'>Videres,</span> <span class='ocrx_word' id='word_1_174' title='bbox 2052 1887 2281 1946; x_wconf 87' lang='lat' dir='ltr'>urgente</span> 
     </span>
     <span class='ocr_line' id='line_1_22' title="bbox 356 1953 2281 2021; baseline -0.002 -16"><span class='ocrx_word' id='word_1_175' title='bbox 356 1972 474 2021; x_wconf 89' lang='lat' dir='ltr'>quae</span> <span class='ocrx_word' id='word_1_176' title='bbox 507 1954 651 2021; x_wconf 89' lang='lat' dir='ltr'>cogit</span> <span class='ocrx_word' id='word_1_177' title='bbox 686 1954 867 2005; x_wconf 90' lang='lat' dir='ltr'>omnia</span> <span class='ocrx_word' id='word_1_178' title='bbox 901 1954 1059 2016; x_wconf 87' lang='lat' dir='ltr'>fame,</span> <span class='ocrx_word' id='word_1_179' title='bbox 1102 1954 1369 2005; x_wconf 91' lang='lat' dir='ltr'>caballum</span> <span class='ocrx_word' id='word_1_180' title='bbox 1398 1954 1615 2005; x_wconf 87' lang='lat' dir='ltr'>alterius</span> <span class='ocrx_word' id='word_1_181' title='bbox 1644 1954 1869 2004; x_wconf 87' lang='lat' dir='ltr'>caudam</span> <span class='ocrx_word' id='word_1_182' title='bbox 1894 1970 2077 2003; x_wconf 87' lang='lat' dir='ltr'>morsu</span> <span class='ocrx_word' id='word_1_183' title='bbox 2105 1953 2281 2002; x_wconf 81' lang='lat' dir='ltr'>decer-</span> 
     </span>
     <span class='ocr_line' id='line_1_23' title="bbox 355 2024 2284 2093; baseline -0.002 -16"><span class='ocrx_word' id='word_1_184' title='bbox 355 2044 496 2093; x_wconf 86' lang='lat' dir='ltr'>pere,</span> <span class='ocrx_word' id='word_1_185' title='bbox 540 2026 644 2077; x_wconf 91' lang='lat' dir='ltr'>alia</span> <span class='ocrx_word' id='word_1_186' title='bbox 680 2026 796 2077; x_wconf 89' lang='lat' dir='ltr'>aliis</span> <span class='ocrx_word' id='word_1_187' title='bbox 821 2026 937 2076; x_wconf 93' lang='lat' dir='ltr'>visu</span> <span class='ocrx_word' id='word_1_188' title='bbox 962 2033 1016 2078; x_wconf 88' lang='lat' dir='ltr'>et</span> <span class='ocrx_word' id='word_1_189' title='bbox 1043 2026 1232 2078; x_wconf 90' lang='lat' dir='ltr'>auditu</span> <span class='ocrx_word' id='word_1_190' title='bbox 1257 2027 1522 2077; x_wconf 88' lang='lat' dir='ltr'>horrenda</span> <span class='ocrx_word' id='word_1_191' title='bbox 1548 2026 1739 2088; x_wconf 87' lang='lat' dir='ltr'>facere,</span> <span class='ocrx_word' id='word_1_192' title='bbox 1781 2026 1936 2092; x_wconf 91' lang='lat' dir='ltr'>plura</span> <span class='ocrx_word' id='word_1_193' title='bbox 1976 2042 2186 2091; x_wconf 90' lang='lat' dir='ltr'>quoque</span> <span class='ocrx_word' id='word_1_194' title='bbox 2227 2024 2284 2073; x_wconf 92' lang='lat' dir='ltr'>in</span> 
     </span>
     <span class='ocr_line' id='line_1_24' title="bbox 355 2096 2283 2166; baseline -0.002 -18"><span class='ocrx_word' id='word_1_195' title='bbox 355 2106 587 2149; x_wconf 89' lang='lat' dir='ltr'>mortem</span> <span class='ocrx_word' id='word_1_196' title='bbox 612 2116 779 2165; x_wconf 91' lang='lat' dir='ltr'>usque</span> <span class='ocrx_word' id='word_1_197' title='bbox 801 2098 1039 2150; x_wconf 89' lang='lat' dir='ltr'>deficere.</span> <span class='ocrx_word' id='word_1_198' title='bbox 1116 2100 1348 2166; x_wconf 86' lang='lat' dir='ltr'>Tempus</span> <span class='ocrx_word' id='word_1_199' title='bbox 1375 2098 1536 2150; x_wconf 90' lang='lat' dir='ltr'>etiam</span> <span class='ocrx_word' id='word_1_200' title='bbox 1559 2098 1758 2149; x_wconf 88' lang='lat' dir='ltr'>aestatis</span> <span class='ocrx_word' id='word_1_201' title='bbox 1785 2096 2047 2149; x_wconf 86' lang='lat' dir='ltr'>fervidum</span> <span class='ocrx_word' id='word_1_202' title='bbox 2075 2096 2283 2164; x_wconf 81' lang='lat' dir='ltr'>pericli-</span> 
     </span>
     <span class='ocr_line' id='line_1_25' title="bbox 354 2169 2284 2237; baseline -0.001 -17"><span class='ocrx_word' id='word_1_203' title='bbox 354 2171 597 2221; x_wconf 89' lang='lat' dir='ltr'>tantibus</span> <span class='ocrx_word' id='word_1_204' title='bbox 648 2171 777 2221; x_wconf 87' lang='lat' dir='ltr'>mali</span> <span class='ocrx_word' id='word_1_205' title='bbox 825 2170 1002 2222; x_wconf 86' lang='lat' dir='ltr'>fuerat</span> <span class='ocrx_word' id='word_1_206' title='bbox 1051 2170 1463 2222; x_wconf 89' lang='lat' dir='ltr'>incrementum.</span> <span class='ocrx_word' id='word_1_207' title='bbox 1556 2171 1702 2224; x_wconf 77' lang='lat' dir='ltr'>Quid</span> <span class='ocrx_word' id='word_1_208' title='bbox 1751 2170 1944 2237; x_wconf 78' lang='lat' dir='ltr'>plura?</span> <span class='ocrx_word' id='word_1_209' title='bbox 1998 2175 2060 2219; x_wconf 91' lang='lat' dir='ltr'>ut</span> <span class='ocrx_word' id='word_1_210' title='bbox 2111 2169 2284 2218; x_wconf 86' lang='lat' dir='ltr'>multa</span> 
     </span>
     <span class='ocr_line' id='line_1_26' title="bbox 355 2242 1825 2311; baseline 0 -18"><span class='ocrx_word' id='word_1_211' title='bbox 355 2243 537 2309; x_wconf 89' lang='lat' dir='ltr'>paucis</span> <span class='ocrx_word' id='word_1_212' title='bbox 567 2242 856 2305; x_wconf 86' lang='lat' dir='ltr'>absolvam,</span> <span class='ocrx_word' id='word_1_213' title='bbox 884 2243 1084 2310; x_wconf 91' lang='lat' dir='ltr'>ubique</span> <span class='ocrx_word' id='word_1_214' title='bbox 1110 2261 1204 2311; x_wconf 90' lang='lat' dir='ltr'>per</span> <span class='ocrx_word' id='word_1_215' title='bbox 1230 2243 1486 2311; x_wconf 86' lang='lat' dir='ltr'>oppidum</span> <span class='ocrx_word' id='word_1_216' title='bbox 1513 2243 1743 2309; x_wconf 83' lang='lat' dir='ltr'>gemitus</span> <span class='ocrx_word' id='word_1_217' title='bbox 1772 2248 1825 2293; x_wconf 89' lang='lat' dir='ltr'>et</span> 
     </span>
    </p>
   </div>
   <div class='ocr_carea' id='block_1_3' title="bbox 1022 2363 1631 2416">
    <p class='ocr_par' dir='ltr' id='par_1_3' title="bbox 1022 2363 1631 2416">
     <span class='ocr_line' id='line_1_27' title="bbox 1022 2363 1631 2416; baseline -0.002 -12"><span class='ocrx_word' id='word_1_218' title='bbox 1022 2365 1247 2416; x_wconf 74' lang='lat' dir='ltr'>“plurima</span> <span class='ocrx_word' id='word_1_219' title='bbox 1266 2365 1413 2404; x_wconf 72' lang='lat' dir='ltr'>mortis</span> <span class='ocrx_word' id='word_1_220' title='bbox 1433 2365 1581 2416; x_wconf 73' lang='lat' dir='ltr'>imayo.</span> <span class='ocrx_word' id='word_1_221' title='bbox 1587 2363 1631 2387; x_wconf 80' lang='lat'>”²¹</span> 
     </span>
    </p>
   </div>
   <div class='ocr_carea' id='block_1_4' title="bbox 352 2466 2285 3615">
    <p class='ocr_par' dir='ltr' id='par_1_4' title="bbox 352 2466 2285 3615">
     <span class='ocr_line' id='line_1_28' title="bbox 466 2466 2282 2550; baseline -0.001 -32"><span class='ocrx_word' id='word_1_222' title='bbox 466 2469 658 2548; x_wconf 80' lang='lat' dir='ltr'>Itaque</span> <span class='ocrx_word' id='word_1_223' title='bbox 692 2469 902 2520; x_wconf 88' lang='lat' dir='ltr'>miseris</span> <span class='ocrx_word' id='word_1_224' title='bbox 936 2469 1031 2520; x_wconf 91' lang='lat' dir='ltr'>ubi</span> <span class='ocrx_word' id='word_1_225' title='bbox 1066 2487 1151 2520; x_wconf 85' lang='lat' dir='ltr'>res</span> <span class='ocrx_word' id='word_1_226' title='bbox 1184 2487 1318 2550; x_wconf 83' lang='lat' dir='ltr'>pene</span> <span class='ocrx_word' id='word_1_227' title='bbox 1351 2487 1485 2536; x_wconf 90' lang='lat' dir='ltr'>spes,</span> <span class='ocrx_word' id='word_1_228' title='bbox 1521 2486 1646 2520; x_wconf 90' lang='lat' dir='ltr'>vero</span> <span class='ocrx_word' id='word_1_229' title='bbox 1676 2467 1891 2535; x_wconf 87' lang='lat' dir='ltr'>penitus</span> <span class='ocrx_word' id='word_1_230' title='bbox 1930 2466 2152 2516; x_wconf 89' lang='lat' dir='ltr'>humani</span> <span class='ocrx_word' id='word_1_231' title='bbox 2194 2466 2282 2516; x_wconf 85' lang='lat' dir='ltr'>ad-</span> 
     </span>
     <span class='ocr_line' id='line_1_29' title="bbox 352 2538 2283 2609; baseline -0.002 -18"><span class='ocrx_word' id='word_1_232' title='bbox 352 2540 544 2608; x_wconf 80' lang='lat' dir='ltr'>jutorii</span> <span class='ocrx_word' id='word_1_233' title='bbox 583 2541 867 2605; x_wconf 87' lang='lat' dir='ltr'>defecerat,</span> <span class='ocrx_word' id='word_1_234' title='bbox 909 2541 975 2592; x_wconf 88' lang='lat' dir='ltr'>ad</span> <span class='ocrx_word' id='word_1_235' title='bbox 1010 2542 1238 2609; x_wconf 89' lang='lat' dir='ltr'>piissimi</span> <span class='ocrx_word' id='word_1_236' title='bbox 1275 2541 1594 2592; x_wconf 89' lang='lat' dir='ltr'>confessoris</span> <span class='ocrx_word' id='word_1_237' title='bbox 1637 2539 1922 2590; x_wconf 89' lang='lat' dir='ltr'>Cuthberti</span> <span class='ocrx_word' id='word_1_238' title='bbox 1965 2538 2283 2605; x_wconf 85' lang='lat' dir='ltr'>confugiunt</span> 
     </span>
     <span class='ocr_line' id='line_1_30' title="bbox 359 2611 2285 2691; baseline -0.002 -28"><span class='ocrx_word' id='word_1_239' title='bbox 359 2613 738 2680; x_wconf 88' lang='lat' dir='ltr'>patrocinium,</span> <span class='ocrx_word' id='word_1_240' title='bbox 776 2615 929 2681; x_wconf 84' lang='lat' dir='ltr'>cujus</span> <span class='ocrx_word' id='word_1_241' title='bbox 955 2613 1011 2663; x_wconf 90' lang='lat' dir='ltr'>in</span> <span class='ocrx_word' id='word_1_242' title='bbox 1040 2614 1271 2664; x_wconf 89' lang='lat' dir='ltr'>adversis</span> <span class='ocrx_word' id='word_1_243' title='bbox 1300 2621 1423 2665; x_wconf 91' lang='lat' dir='ltr'>ante</span> <span class='ocrx_word' id='word_1_244' title='bbox 1452 2613 1637 2664; x_wconf 86' lang='lat' dir='ltr'>crebro</span> <span class='ocrx_word' id='word_1_245' title='bbox 1666 2613 1781 2680; x_wconf 81' lang='lat' dir='ltr'>jam</span> <span class='ocrx_word' id='word_1_246' title='bbox 1808 2619 2057 2691; x_wconf 87' lang='lat' dir='ltr'>ceperant</span> <span class='ocrx_word' id='word_1_247' title='bbox 2085 2611 2285 2676; x_wconf 82' lang='lat' dir='ltr'>experi-</span> 
     </span>
     <span class='ocr_line' id='line_1_31' title="bbox 359 2683 2281 2753; baseline -0.002 -18"><span class='ocrx_word' id='word_1_248' title='bbox 359 2691 620 2736; x_wconf 87' lang='lat' dir='ltr'>mentum.</span> <span class='ocrx_word' id='word_1_249' title='bbox 718 2686 989 2737; x_wconf 87' lang='lat' dir='ltr'>Concione</span> <span class='ocrx_word' id='word_1_250' title='bbox 1030 2704 1261 2753; x_wconf 90' lang='lat' dir='ltr'>namque</span> <span class='ocrx_word' id='word_1_251' title='bbox 1305 2686 1506 2748; x_wconf 84' lang='lat' dir='ltr'>habita,</span> <span class='ocrx_word' id='word_1_252' title='bbox 1553 2685 1738 2736; x_wconf 89' lang='lat' dir='ltr'>eadem</span> <span class='ocrx_word' id='word_1_253' title='bbox 1784 2701 1968 2734; x_wconf 89' lang='lat' dir='ltr'>omnes</span> <span class='ocrx_word' id='word_1_254' title='bbox 2012 2683 2068 2732; x_wconf 91' lang='lat' dir='ltr'>in</span> <span class='ocrx_word' id='word_1_255' title='bbox 2113 2700 2281 2732; x_wconf 78' lang='lat' dir='ltr'>unum</span> 
     </span>
     <span class='ocr_line' id='line_1_32' title="bbox 359 2754 2281 2825; baseline -0.003 -18"><span class='ocrx_word' id='word_1_256' title='bbox 359 2757 580 2807; x_wconf 84' lang='lat' dir='ltr'>adduxit</span> <span class='ocrx_word' id='word_1_257' title='bbox 602 2758 871 2808; x_wconf 91' lang='lat' dir='ltr'>sententia</span> <span class='ocrx_word' id='word_1_258' title='bbox 887 2779 901 2819; x_wconf 68' lang='grc'>,</span> <span class='ocrx_word' id='word_1_259' title='bbox 932 2758 1135 2809; x_wconf 88' lang='lat' dir='ltr'>scilicet</span> <span class='ocrx_word' id='word_1_260' title='bbox 1156 2765 1217 2808; x_wconf 91' lang='lat' dir='ltr'>ut</span> <span class='ocrx_word' id='word_1_261' title='bbox 1239 2758 1455 2809; x_wconf 87' lang='lat' dir='ltr'>solitum</span> <span class='ocrx_word' id='word_1_262' title='bbox 1477 2757 1644 2825; x_wconf 88' lang='lat' dir='ltr'>patris</span> <span class='ocrx_word' id='word_1_263' title='bbox 1667 2756 1925 2807; x_wconf 82' lang='lat' dir='ltr'>auxilium</span> <span class='ocrx_word' id='word_1_264' title='bbox 1947 2755 2012 2805; x_wconf 92' lang='lat' dir='ltr'>ab</span> <span class='ocrx_word' id='word_1_265' title='bbox 2034 2754 2281 2805; x_wconf 80' lang='lat' dir='ltr'>omnibus</span> 
     </span>
     <span class='ocr_line' id='line_1_33' title="bbox 360 2826 2282 2897; baseline -0.002 -19"><span class='ocrx_word' id='word_1_266' title='bbox 360 2829 418 2878; x_wconf 91' lang='lat' dir='ltr'>in</span> <span class='ocrx_word' id='word_1_267' title='bbox 457 2847 740 2880; x_wconf 91' lang='lat' dir='ltr'>commune</span> <span class='ocrx_word' id='word_1_268' title='bbox 776 2830 1022 2897; x_wconf 88' lang='lat' dir='ltr'>precibus</span> <span class='ocrx_word' id='word_1_269' title='bbox 1055 2837 1107 2881; x_wconf 90' lang='lat' dir='ltr'>et</span> <span class='ocrx_word' id='word_1_270' title='bbox 1144 2830 1438 2881; x_wconf 91' lang='lat' dir='ltr'>secundum</span> <span class='ocrx_word' id='word_1_271' title='bbox 1465 2830 1601 2880; x_wconf 89' lang='lat' dir='ltr'>vires</span> <span class='ocrx_word' id='word_1_272' title='bbox 1641 2829 1920 2879; x_wconf 89' lang='lat' dir='ltr'>invocetur</span> <span class='ocrx_word' id='word_1_273' title='bbox 1953 2826 2282 2877; x_wconf 79' lang='lat' dir='ltr'>muneribus.</span> 
     </span>
     <span class='ocr_line' id='line_1_34' title="bbox 360 2898 2282 2967; baseline -0.002 -16"><span class='ocrx_word' id='word_1_274' title='bbox 360 2900 540 2967; x_wconf 88' lang='lat' dir='ltr'>Igitur</span> <span class='ocrx_word' id='word_1_275' title='bbox 564 2901 846 2952; x_wconf 89' lang='lat' dir='ltr'>unanimes</span> <span class='ocrx_word' id='word_1_276' title='bbox 875 2902 940 2951; x_wconf 87' lang='lat' dir='ltr'>ad</span> <span class='ocrx_word' id='word_1_277' title='bbox 966 2902 1242 2953; x_wconf 84' lang='lat' dir='ltr'>ecclesiam</span> <span class='ocrx_word' id='word_1_278' title='bbox 1274 2902 1615 2963; x_wconf 89' lang='lat' dir='ltr'>conveniunt,</span> <span class='ocrx_word' id='word_1_279' title='bbox 1660 2919 1724 2951; x_wconf 81' lang='lat' dir='ltr'>ex</span> <span class='ocrx_word' id='word_1_280' title='bbox 1759 2899 2080 2950; x_wconf 89' lang='lat' dir='ltr'>contritione</span> <span class='ocrx_word' id='word_1_281' title='bbox 2112 2898 2282 2948; x_wconf 86' lang='lat' dir='ltr'>cordis</span> 
     </span>
     <span class='ocr_line' id='line_1_35' title="bbox 358 2969 2282 3040; baseline -0.003 -17"><span class='ocrx_word' id='word_1_282' title='bbox 358 2990 541 3040; x_wconf 90' lang='lat' dir='ltr'>preces</span> <span class='ocrx_word' id='word_1_283' title='bbox 582 2978 634 3023; x_wconf 91' lang='lat' dir='ltr'>et</span> <span class='ocrx_word' id='word_1_284' title='bbox 675 2973 940 3035; x_wconf 87' lang='lat' dir='ltr'>lacrimas,</span> <span class='ocrx_word' id='word_1_285' title='bbox 980 2992 1043 3024; x_wconf 86' lang='lat' dir='ltr'>ex</span> <span class='ocrx_word' id='word_1_286' title='bbox 1079 2974 1335 3025; x_wconf 87' lang='lat' dir='ltr'>facultate</span> <span class='ocrx_word' id='word_1_287' title='bbox 1372 2974 1512 3024; x_wconf 86' lang='lat' dir='ltr'>dona</span> <span class='ocrx_word' id='word_1_288' title='bbox 1545 2973 1780 3039; x_wconf 84' lang='lat' dir='ltr'>gratuito</span> <span class='ocrx_word' id='word_1_289' title='bbox 1808 2970 2007 3037; x_wconf 85' lang='lat' dir='ltr'>singuli</span> <span class='ocrx_word' id='word_1_290' title='bbox 2034 2969 2282 3030; x_wconf 81' lang='lat' dir='ltr'>offerunt,</span> 
     </span>
     <span class='ocr_line' id='line_1_36' title="bbox 363 3041 2285 3112; baseline -0.002 -18"><span class='ocrx_word' id='word_1_291' title='bbox 363 3044 694 3095; x_wconf 87' lang='lat' dir='ltr'>Confessoris</span> <span class='ocrx_word' id='word_1_292' title='bbox 729 3062 884 3111; x_wconf 89' lang='lat' dir='ltr'>opem</span> <span class='ocrx_word' id='word_1_293' title='bbox 924 3045 1025 3095; x_wconf 90' lang='lat' dir='ltr'>sibi</span> <span class='ocrx_word' id='word_1_294' title='bbox 1057 3046 1289 3112; x_wconf 92' lang='lat' dir='ltr'>suisque,</span> <span class='ocrx_word' id='word_1_295' title='bbox 1333 3045 1437 3095; x_wconf 91' lang='lat' dir='ltr'>nisi</span> <span class='ocrx_word' id='word_1_296' title='bbox 1470 3051 1679 3094; x_wconf 86' lang='lat' dir='ltr'>mature</span> <span class='ocrx_word' id='word_1_297' title='bbox 1707 3048 1982 3093; x_wconf 88' lang='lat' dir='ltr'>succurrat</span> <span class='ocrx_word' id='word_1_298' title='bbox 2017 3041 2285 3108; x_wconf 83' lang='lat' dir='ltr'>perituris,</span> 
     </span>
     <span class='ocr_line' id='line_1_37' title="bbox 360 3113 2285 3184; baseline -0.002 -18"><span class='ocrx_word' id='word_1_299' title='bbox 360 3116 667 3183; x_wconf 86' lang='lat' dir='ltr'>implorant.</span> <span class='ocrx_word' id='word_1_300' title='bbox 765 3118 811 3167; x_wconf 91' lang='lat' dir='ltr'>O</span> <span class='ocrx_word' id='word_1_301' title='bbox 859 3117 1175 3167; x_wconf 89' lang='lat' dir='ltr'>clementem</span> <span class='ocrx_word' id='word_1_302' title='bbox 1222 3117 1326 3167; x_wconf 89' lang='lat' dir='ltr'>Dei</span> <span class='ocrx_word' id='word_1_303' title='bbox 1364 3115 1665 3184; x_wconf 82' lang='lat' dir='ltr'>justitiam!</span> <span class='ocrx_word' id='word_1_304' title='bbox 1763 3116 1809 3166; x_wconf 91' lang='lat' dir='ltr'>O</span> <span class='ocrx_word' id='word_1_305' title='bbox 1855 3115 2060 3181; x_wconf 85' lang='lat' dir='ltr'>justam</span> <span class='ocrx_word' id='word_1_306' title='bbox 2107 3113 2285 3179; x_wconf 87' lang='lat' dir='ltr'>Ipsius</span> 
     </span>
     <span class='ocr_line' id='line_1_38' title="bbox 361 3187 2285 3256; baseline -0.002 -17"><span class='ocrx_word' id='word_1_307' title='bbox 361 3187 733 3239; x_wconf 89' lang='lat' dir='ltr'>clementiam!</span> <span class='ocrx_word' id='word_1_308' title='bbox 840 3189 1087 3239; x_wconf 61' lang='lat' dir='ltr'>Vis-navit</span> <span class='ocrx_word' id='word_1_309' title='bbox 1131 3190 1187 3240; x_wconf 78' lang='lat' dir='ltr'>in</span> <span class='ocrx_word' id='word_1_310' title='bbox 1220 3190 1371 3256; x_wconf 69' lang='lat' dir='ltr'>virya</span> <span class='ocrx_word' id='word_1_311' title='bbox 1405 3189 1711 3254; x_wconf 74' lang='lat' dir='ltr'>iniquitates</span> <span class='ocrx_word' id='word_1_312' title='bbox 1745 3187 1930 3252; x_wconf 74' lang='lat' dir='ltr'>populi</span> <span class='ocrx_word' id='word_1_313' title='bbox 1977 3187 2089 3247; x_wconf 78' lang='lat' dir='ltr'>Sui,</span> <span class='ocrx_word' id='word_1_314' title='bbox 2136 3191 2185 3236; x_wconf 79' lang='lat' dir='ltr'>et</span> <span class='ocrx_word' id='word_1_315' title='bbox 2231 3187 2285 3235; x_wconf 79' lang='lat' dir='ltr'>in</span> 
     </span>
     <span class='ocr_line' id='line_1_39' title="bbox 360 3257 2283 3326; baseline -0.002 -16"><span class='ocrx_word' id='word_1_316' title='bbox 360 3260 658 3311; x_wconf 73' lang='lat' dir='ltr'>verberibus</span> <span class='ocrx_word' id='word_1_317' title='bbox 673 3266 899 3326; x_wconf 79' lang='lat' dir='ltr'>peccata</span> <span class='ocrx_word' id='word_1_318' title='bbox 929 3270 1151 3311; x_wconf 51' lang='lat' dir='ltr'>eorumffl</span> <span class='ocrx_word' id='word_1_319' title='bbox 1227 3260 1654 3311; x_wconf 90' lang='lat' dir='ltr'>Misericordiam</span> <span class='ocrx_word' id='word_1_320' title='bbox 1682 3265 1861 3310; x_wconf 91' lang='lat' dir='ltr'>autem</span> <span class='ocrx_word' id='word_1_321' title='bbox 1890 3259 2072 3320; x_wconf 86' lang='lat' dir='ltr'>Suam,</span> <span class='ocrx_word' id='word_1_322' title='bbox 2115 3257 2283 3308; x_wconf 87' lang='lat' dir='ltr'>Cuth-</span> 
     </span>
     <span class='ocr_line' id='line_1_40' title="bbox 360 3329 2283 3399; baseline -0.002 -17"><span class='ocrx_word' id='word_1_323' title='bbox 360 3332 513 3383; x_wconf 90' lang='lat' dir='ltr'>berto</span> <span class='ocrx_word' id='word_1_324' title='bbox 538 3331 946 3394; x_wconf 87' lang='lat' dir='ltr'>interveniente,</span> <span class='ocrx_word' id='word_1_325' title='bbox 980 3349 1090 3382; x_wconf 91' lang='lat' dir='ltr'>non</span> <span class='ocrx_word' id='word_1_326' title='bbox 1116 3332 1365 3399; x_wconf 89' lang='lat' dir='ltr'>dispersit</span> <span class='ocrx_word' id='word_1_327' title='bbox 1394 3332 1459 3383; x_wconf 89' lang='lat' dir='ltr'>ab</span> <span class='ocrx_word' id='word_1_328' title='bbox 1486 3332 1577 3382; x_wconf 92' lang='lat' dir='ltr'>eis.</span> <span class='ocrx_word' id='word_1_329' title='bbox 1659 3331 1765 3382; x_wconf 93' lang='lat' dir='ltr'>Hic</span> <span class='ocrx_word' id='word_1_330' title='bbox 1797 3348 1942 3392; x_wconf 89' lang='lat' dir='ltr'>sane,</span> <span class='ocrx_word' id='word_1_331' title='bbox 1980 3336 2043 3379; x_wconf 89' lang='lat' dir='ltr'>ut</span> <span class='ocrx_word' id='word_1_332' title='bbox 2069 3329 2283 3396; x_wconf 86' lang='lat' dir='ltr'>legitur,</span> 
     </span>
     <span class='ocr_line' id='line_1_41' title="bbox 361 3401 2281 3472; baseline -0.002 -18"><span class='ocrx_word' id='word_1_333' title='bbox 361 3404 534 3455; x_wconf 86' lang='lat' dir='ltr'>factus</span> <span class='ocrx_word' id='word_1_334' title='bbox 573 3411 653 3455; x_wconf 90' lang='lat' dir='ltr'>est</span> <span class='ocrx_word' id='word_1_335' title='bbox 688 3404 935 3455; x_wconf 92' lang='lat' dir='ltr'>dominus</span> <span class='ocrx_word' id='word_1_336' title='bbox 971 3404 1239 3470; x_wconf 89' lang='lat' dir='ltr'>refugium</span> <span class='ocrx_word' id='word_1_337' title='bbox 1267 3422 1560 3472; x_wconf 90' lang='lat' dir='ltr'>pauperum</span> <span class='ocrx_word' id='word_1_338' title='bbox 1590 3403 1802 3470; x_wconf 85' lang='lat' dir='ltr'>adjutor</span> <span class='ocrx_word' id='word_1_339' title='bbox 1827 3402 1884 3452; x_wconf 93' lang='lat' dir='ltr'>in</span> <span class='ocrx_word' id='word_1_340' title='bbox 1910 3401 2281 3469; x_wconf 86' lang='lat' dir='ltr'>opportunita-</span> 
     </span>
     <span class='ocr_line' id='line_1_42' title="bbox 360 3475 2284 3540; baseline -0.002 -15"><span class='ocrx_word' id='word_1_341' title='bbox 360 3475 523 3538; x_wconf 88' lang='lat' dir='ltr'>tibus,</span> <span class='ocrx_word' id='word_1_342' title='bbox 563 3476 621 3526; x_wconf 91' lang='lat' dir='ltr'>in</span> <span class='ocrx_word' id='word_1_343' title='bbox 646 3475 1009 3527; x_wconf 88' lang='lat' dir='ltr'>tribulatione.</span> <span class='ocrx_word' id='word_1_344' title='bbox 1087 3476 1204 3527; x_wconf 92' lang='lat' dir='ltr'>Nec</span> <span class='ocrx_word' id='word_1_345' title='bbox 1232 3476 1360 3526; x_wconf 89' lang='lat' dir='ltr'>dum</span> <span class='ocrx_word' id='word_1_346' title='bbox 1389 3476 1621 3527; x_wconf 88' lang='lat' dir='ltr'>crastina</span> <span class='ocrx_word' id='word_1_347' title='bbox 1646 3476 1737 3526; x_wconf 81' lang='lat' dir='ltr'>lux</span> <span class='ocrx_word' id='word_1_348' title='bbox 1762 3475 1820 3524; x_wconf 92' lang='lat' dir='ltr'>in</span> <span class='ocrx_word' id='word_1_349' title='bbox 1848 3492 2038 3525; x_wconf 85' lang='lat' dir='ltr'>aurora</span> <span class='ocrx_word' id='word_1_350' title='bbox 2063 3491 2284 3540; x_wconf 89' lang='lat' dir='ltr'>prorup-</span> 
     </span>
     <span class='ocr_line' id='line_1_43' title="bbox 359 3545 2282 3615; baseline -0.003 -17"><span class='ocrx_word' id='word_1_351' title='bbox 359 3554 490 3611; x_wconf 89' lang='lat' dir='ltr'>erat,</span> <span class='ocrx_word' id='word_1_352' title='bbox 534 3566 655 3599; x_wconf 91' lang='lat' dir='ltr'>cum</span> <span class='ocrx_word' id='word_1_353' title='bbox 697 3547 849 3599; x_wconf 87' lang='lat' dir='ltr'>ecce!</span> <span class='ocrx_word' id='word_1_354' title='bbox 893 3548 1071 3600; x_wconf 86' lang='lat' dir='ltr'>subito</span> <span class='ocrx_word' id='word_1_355' title='bbox 1106 3549 1284 3599; x_wconf 86' lang='lat' dir='ltr'>nescio</span> <span class='ocrx_word' id='word_1_356' title='bbox 1316 3566 1420 3615; x_wconf 90' lang='lat' dir='ltr'>quo</span> <span class='ocrx_word' id='word_1_357' title='bbox 1455 3555 1656 3599; x_wconf 88' lang='lat' dir='ltr'>terrore</span> <span class='ocrx_word' id='word_1_358' title='bbox 1686 3549 1994 3598; x_wconf 83' lang='lat' dir='ltr'>Scottorum</span> <span class='ocrx_word' id='word_1_359' title='bbox 2021 3545 2282 3595; x_wconf 83' lang='lat' dir='ltr'>exercitus</span> 
     </span>
    </p>
   </div>
   <div class='ocr_carea' id='block_1_5' title="bbox 720 3693 1927 3746">
    <p class='ocr_par' dir='ltr' id='par_1_5' title="bbox 720 3693 1927 3746">
     <span class='ocr_line' id='line_1_44' title="bbox 720 3693 1927 3746; baseline -0.002 -12"><span class='ocrx_word' id='word_1_360' title='bbox 720 3703 736 3720; x_wconf 72' lang='lat'><strong>⁹</strong></span> <span class='ocrx_word' id='word_1_361' title='bbox 766 3695 875 3745; x_wconf 81' lang='lat' dir='ltr'>AEn.,</span> <span class='ocrx_word' id='word_1_362' title='bbox 903 3695 960 3746; x_wconf 87' lang='lat' dir='ltr'>ii.,</span> <span class='ocrx_word' id='word_1_363' title='bbox 983 3696 1074 3739; x_wconf 87' lang='lat'>370.</span> <span class='ocrx_word' id='word_1_364' title='bbox 1465 3703 1486 3718; x_wconf 77' lang='lat'>²⁰</span> <span class='ocrx_word' id='word_1_365' title='bbox 1517 3696 1658 3736; x_wconf 87' lang='lat' dir='ltr'>Psalm</span> <span class='ocrx_word' id='word_1_366' title='bbox 1678 3693 1867 3734; x_wconf 79' lang='lat' dir='ltr'>lxxxviii.</span> <span class='ocrx_word' id='word_1_367' title='bbox 1890 3697 1927 3733; x_wconf 83' lang='lat'>3.</span> 
     </span>
    </p>
   </div>
  </div>
 </body>
</html>
