2384 4126
873 416 1128 450 HISTORIA
1169 416 1378 449 REGUM.
2013 404 2078 451 21

171 550 250 596 est
293 543 540 611 nequiter
583 561 614 594 a
658 560 753 594 sua
801 541 1019 593 familial
1062 542 1218 609 juxta
1260 540 1467 592 Mechil
1511 540 1823 607 Wongtune
1872 540 1925 591 ix
1974 542 2082 592 kal.

167 616 415 682 Augusti.

1020 722 1233 756 DCCLIX.

276 807 437 856 Anno
476 805 674 856 Dec.lix
710 803 1028 866 Ethelwald,
1070 803 1160 869 qui
1199 810 1253 854 et
1290 802 1430 853 Moll
1474 803 1648 853 dictus
1687 809 1819 865 erat,
1860 821 2084 870 regnare

169 877 357 944 incipit
397 895 564 927 nonas
605 875 855 942 Augusti.
934 875 1101 942 Cujus
1141 874 1302 925 tertio
1338 892 1477 925 anno
1502 875 1808 937 inchoante,
1837 875 2082 941 gravissi-

169 967 319 999 mum
354 950 510 1016 juxta
549 948 824 999 Eldunum
863 964 1012 997 secus
1052 945 1289 996 Melrosm
1327 951 1538 1012 gestum
1566 951 1646 997 est
1671 945 1873 997 bellum
1899 953 2085 997 octavo

170 1021 291 1071 idus
317 1019 568 1086 Augusti,
607 1019 665 1069 in
699 1036 802 1085 quo
833 1017 1025 1069 cecidit
1059 1017 1272 1068 Oswine
1297 1023 1416 1084 post
1441 1017 1699 1080 triduum,
1737 1017 1910 1084 prima
1934 1018 2081 1069 feria.

170 1091 471 1143 Ethelwald
496 1108 619 1142 vero
645 1108 753 1153 rex,
794 1090 886 1156 qui
910 1089 1051 1140 Moll
1078 1095 1158 1139 est
1183 1088 1509 1152 nominatus,
1548 1089 1824 1140 victoriam
1859 1090 2085 1156 sumpsit

168 1163 227 1213 in
266 1163 424 1214 bello.
502 1163 626 1230 Ipso
666 1179 875 1229 quoque
911 1178 1050 1212 anno
1091 1161 1290 1224 Unust,
1336 1160 1611 1212 Pictorum
1652 1179 1761 1225 rex,
1802 1160 2085 1213 defunctus

169 1240 291 1286 est.⁷¹

1010 1356 1250 1389 DCCLXII.

277 1446 438 1497 Anno
488 1445 703 1513 Dcc.lxij
757 1444 1075 1508 Ethelwald,
1126 1463 1220 1496 rex
1269 1444 1538 1511 praefatus,
1592 1446 1794 1513 accepit
1843 1446 2083 1514 reginam

170 1517 584 1586 Etheldrytham
609 1517 716 1568 kal.
744 1516 1066 1567 Novembris
1091 1516 1149 1566 in
1175 1517 1494 1567 Cateracta.⁰

1003 1709 1251 1745 DCCLXIV.

276 1802 437 1852 Anno
472 1801 702 1853 ncc.lxiv
727 1801 819 1851 nix
850 1801 1040 1867 ingens
1074 1799 1198 1866 gelu
1221 1799 1389 1866 ligata
1422 1798 1671 1850 omnibus
1700 1804 1844 1851 retro
1879 1801 2086 1852 saeculis

169 1873 616 1941 incomparabilis,
658 1892 688 1923 a
720 1872 978 1940 principio
1011 1871 1203 1923 hiemis
1234 1889 1368 1938 pene
1398 1889 1566 1938 usque
1593 1871 1659 1922 ad
1685 1872 1921 1923 medium
1949 1874 2085 1924 veris

170 1951 366 1996 terram
393 1944 696 2012 oppressit.1⁹
772 1945 940 2012 Cujus
980 1943 1031 1993 vi
1074 1943 1285 1994 arbores
1326 1943 1574 2010 oleraque
1607 1962 1803 2010 magna
1837 1961 1900 1994 ex
1934 1952 2085 2011 parte

172 2023 442 2079 aruerunt,
484 2034 543 2067 ac
568 2016 775 2066 marina
802 2015 1053 2066 animalia
1078 2015 1249 2065 multa
1273 2015 1492 2065 inventa
1517 2021 1641 2065 sunt
1666 2022 1894 2066 mortua.

276 2088 481 2139 Eodem
522 2106 731 2154 quoque
778 2105 916 2137 anno
956 2086 1194 2148 Ceolwlf,
1236 2086 1504 2153 quondam
1544 2104 1655 2148 rex,
1696 2093 1827 2138 tunc
1864 2088 2086 2138 Domini

169 2160 338 2210 nostri
366 2160 398 2209 J
403 2178 496 2210 esu
523 2159 726 2210 Christi
756 2177 935 2209 servus
969 2158 1385 2224 monachusque,
1425 2158 1574 2209 obiit.
1653 2158 1798 2209 Huic
1824 2177 1946 2210 vero
1974 2160 2087 2226 regi

170 2231 319 2281 Beda
343 2231 799 2297 historiographus
824 2230 1087 2280 veridicus
1114 2229 1306 2279 direxit
1333 2229 1629 2295 epistolam,
1666 2230 1740 2280 sic
1765 2230 2083 2282 inchoando.

177 2303 559 2353 Gloriosissimo
603 2303 715 2367 reyi
761 2300 1000 2366 Ceolwtfo
1032 2301 1181 2351 Beda
1209 2299 1449 2365 famulus
1481 2301 1678 2352 Christi
1708 2307 1758 2351 et
1787 2303 2082 2369 presbyter.

170 2374 464 2424 Historiam
505 2373 677 2439 yentis
717 2373 1007 2438 Anyloram
1048 2389 1202 2437 quam
1232 2388 1395 2436 nuper
1428 2372 1711 2434 edideram,
1753 2373 2086 2425 libentissime

173 2446 266 2495 tibi
295 2444 630 2506 desideranti,
669 2461 782 2505 rea‘,
822 2449 872 2494 et
901 2444 1058 2509 prius
1099 2443 1171 2492 ad
1209 2443 1474 2509 leyendum
1505 2449 1555 2493 et
1580 2460 1714 2494 nune
1738 2445 2083 2508 scribendum,

174 2532 237 2566 ac
267 2516 475 2581 plenius
518 2532 583 2565 ea’
627 2520 850 2579 tempore
890 2515 1260 2565 meditaturum
1305 2515 1622 2566 transmitto.
1698 2516 1859 2566 Anno
1898 2517 2085 2567 eodem

173 2586 356 2637 multae
381 2585 539 2636 urbes
564 2585 987 2651 monasteriaque
1014 2591 1172 2651 atque
1196 2585 1336 2636 villae
1361 2603 1454 2652 per
1481 2585 1685 2636 diversa
1709 2587 1843 2649 loca,
1874 2605 2085 2639 necnon

173 2662 225 2708 et
259 2675 441 2723 regna,
479 2656 757 2723 repentino
791 2657 915 2723 igne
945 2662 1164 2706 vastatae
1197 2662 1338 2719 sunt,
1377 2656 1524 2707 verbi
1567 2658 1739 2724 gratia
1778 2659 2081 2726 Stretburg,

171 2729 350 2779 Venta
399 2728 599 2790 civitas,
666 2728 927 2790 Homwic,
991 2727 1272 2778 Londonia
1322 2728 1524 2791 civitaS,
1587 2729 1830 2780 Eboraca
1879 2730 2082 2794 civitas,

171 2801 514 2862 Donacester,
555 2799 761 2867 aliaque
805 2799 976 2849 multa
1018 2799 1135 2849 loca
1177 2799 1271 2849 illa
1312 2799 1470 2867 plaga
1509 2801 1816 2863 concussitfl
1852 2808 1914 2852 ut
1948 2803 2085 2853 illud

251 2932 262 2956 l
293 2932 369 2972 “A
403 2931 607 2972 ministris
635 2931 762 2982 suis,''
791 2932 848 2972 N.
869 2931 946 2981 A.;
977 2933 1069 2984 “by
1089 2932 1154 2972 his
1174 2933 1448 2983 household,''
1479 2933 1520 2973 S.
1542 2933 1590 2973 O.
1649 2934 1832 2976 Neither
1863 2937 2083 2988 authority

168 2987 378 3028 mentions
408 2988 481 3027 the
509 2987 689 3039 locality.
748 2987 909 3027 Meohil
928 2987 1149 3039 Wongton
1168 3001 1249 3027 was
1279 2988 1482 3040 probably
1501 2988 1736 3040 Weighton
1756 2991 1943 3031 between
1963 2991 2083 3031 York

169 3042 252 3082 and
271 3042 486 3094 Beverley,
507 3042 580 3082 the
599 3043 731 3092 prefix
750 3042 910 3082 Mechil
933 3041 1097 3094 (Great)
1120 3042 1247 3094 being
1272 3043 1436 3094 applied
1462 3045 1506 3083 to
1532 3043 1580 3092 it,
1610 3057 1653 3084 as
1673 3045 1767 3085 that
1787 3045 1833 3085 of
1858 3045 2030 3087 Market
2049 3047 2084 3086 is

169 3096 215 3136 in
234 3097 408 3136 modern
426 3097 562 3143 times,
594 3100 637 3136 to
657 3096 913 3149 distinguish
932 3097 967 3136 it
986 3097 1095 3136 from
1115 3098 1292 3137 another
1311 3098 1426 3149 place
1447 3098 1493 3137 of
1516 3098 1590 3138 the
1609 3112 1720 3139 same
1741 3113 1874 3140 name.

252 3159 277 3175 ”¹
311 3153 433 3191 Secas
453 3153 612 3191 Metros
631 3150 665 3190 is
685 3164 738 3190 an
758 3151 1098 3198 interlineation3
1128 3151 1296 3196 Eildon,
1326 3165 1427 3192 near
1448 3152 1643 3200 Mehose,
1674 3154 1802 3206 being
1821 3155 1894 3195 the
1912 3155 2083 3207 locality

168 3205 380 3246 intended.
440 3206 528 3245 The
545 3206 681 3245 Saxon
698 3205 922 3246 Chronicle
942 3206 1039 3246 calls
1054 3206 1127 3246 the
1146 3206 1261 3257 place
1277 3206 1487 3247 Edwine's
1503 3208 1609 3248 cliffe
1631 3208 1796 3261 (query,
1812 3209 2082 3261 Edinburgh‚

170 3260 307 3299 which
341 3273 484 3300 occurs
518 3261 563 3300 in
596 3260 711 3312 early
741 3261 932 3311 writings
963 3274 1005 3300 as
1038 3260 1249 3301 Edwine's
1279 3262 1452 3313 burgh).
1522 3262 1580 3303 N.
1614 3264 1668 3302 A.
1705 3264 1798 3315 give
1833 3277 1888 3303 no
1922 3265 2083 3311 details,

169 3315 332 3366 beyond
361 3315 434 3355 the
461 3316 608 3362 words,
641 3315 849 3355 “Ouuini
884 3315 1042 3355 occisus
1073 3316 1175 3355 est.''
1234 3315 1524 3367 Huntingdon
1550 3317 1625 3356 has
1656 3318 1773 3358 these
1803 3319 2079 3369 particulars:

171 3369 304 3409 “Mol
334 3382 409 3409 rex
443 3369 775 3409 Nordhumbriae
809 3370 1021 3409 interfecit
1056 3369 1237 3420 Oswine,
1279 3370 1556 3410 fortissimum
1594 3372 1752 3412 ducum
1785 3386 1974 3419 suorum,
2007 3374 2081 3424 qui

169 3423 433 3464 committens
465 3424 659 3475 praelium
692 3437 791 3475 erga
824 3424 1046 3464 dominum
1079 3438 1205 3464 suum
1243 3426 1354 3475 apud
1384 3425 1725 3474 Eadwinesclive‚
1754 3426 1852 3478 jure
1887 3428 2080 3478 gentium

169 3480 319 3528 spreto,
345 3477 442 3529 jure
474 3478 555 3519 Dei
584 3478 742 3518 occisus
773 3479 882 3519 est.''
951 3479 1194 3519 VVendover
1228 3480 1432 3519 describes
1464 3480 1632 3522 Osvvine
1670 3494 1713 3521 as
1747 3481 2080 3534 “gravissimum

168 3532 357 3572 ducem.”

249 3594 268 3610 '⁸
299 3591 322 3609 “
338 3586 466 3626 Anno
485 3586 579 3637 761,
610 3587 782 3638 Oengus
801 3587 1021 3627 Pictorum
1042 3587 1135 3627 Rex
1155 3587 1256 3634 obit,
1280 3588 1353 3639 qui
1372 3589 1494 3640 regni
1513 3589 1579 3628 sui
1599 3589 1855 3641 principium
1876 3602 2007 3641 usque
2027 3590 2079 3633 ad

168 3641 293 3681 finem
314 3641 495 3682 facinore
514 3644 740 3682 cruentum
759 3644 966 3693 tyrannus
985 3642 1170 3684 carnifex
1192 3643 1549 3694 produxit.’'——N.
1572 3643 1624 3685 A.

251 3702 266 3719 ⁰
298 3697 337 3736 S.
664 3703 685 3728 Ρ
715 3708 802 3736 A.D.
824 3696 918 3744 761,
949 3696 988 3737 S.
1011 3696 1057 3737 C.
1390 3705 1406 3728 ³1
1437 3697 1477 3737 S.
