2384 4126
674 385 948 419 EXCERPTA
987 386 1017 418 E
1058 384 1295 418 SCRIPTIS
1335 385 1587 420 TURGoTI.
1976 373 2081 424 257

166 511 482 578 perturbari,
529 529 746 562 ascensa
788 511 927 574 navi,
974 528 1096 562 cum
1140 516 1311 562 matre
1352 517 1405 562 et
1447 511 1712 562 sororibus
1754 512 1811 561 in
1852 514 2079 579 patriam

166 583 377 646 reverti,
418 601 522 649 qua
564 589 723 633 natus
767 583 959 646 fuerat,
999 582 1321 633 conabatur:
1363 583 1452 633 sed
1482 584 1734 633 Summus
1762 584 2078 650 Imperator,

169 655 278 706 Qui
303 655 473 705 ventis
509 654 734 721 imperat
776 661 828 705 et
862 655 1015 717 mari,
1056 672 1202 704 mare
1238 654 1541 716 commovit,
1581 661 1634 705 et
1659 655 1717 704 in
1744 655 1935 721 spiritu
1960 675 2079 723 pro-

167 727 424 777 cellarum
451 726 668 777 exaltati
703 733 828 776 sunt
868 727 1061 776 fluctus
1097 727 1228 793 ejus,
1307 726 1569 777 Saeviente
1594 744 1718 778 vero
1744 733 2077 793 tempestate,

166 816 367 861 omnes,
409 798 465 848 in
505 798 869 865 desperatione
906 798 1029 849 vitae
1066 798 1241 865 positi,
1290 816 1403 848 sese
1437 799 1553 848 Deo
1593 799 1987 860 commendant,
2027 806 2079 850 et

163 870 395 936 puppim-
427 870 615 936 pelago
654 870 1017 920 committunt.
1095 869 1287 936 Igitur,
1322 875 1442 936 post
1484 870 1715 936 plurima
1759 871 1992 937 pericula
2026 879 2079 921 et

164 941 422 992 immanes
448 941 671 1004 labores,
705 941 952 992 misertus
985 947 1065 992 est
1096 941 1361 991 Dominus
1392 940 1642 992 desolatae
1667 942 1883 993 familiae
1924 943 2045 993 Suae
2062 964 2076 1005 ς

165 1013 306 1080 quia,
356 1013 449 1064 ubi
497 1014 794 1063 humanum
844 1013 1026 1064 deesse
1074 1012 1285 1063 videtur
1334 1013 1610 1076 auxilium,
1668 1014 1733 1064 ad
1783 1014 2079 1064 Dominum

164 1103 378 1136 necesse
405 1091 486 1136 est
520 1085 916 1136 recurrendum.
995 1085 1301 1136 Innumeris
1347 1085 1565 1135 tandem
1611 1085 1847 1152 quassati
1890 1086 2079 1153 pelago

165 1157 430 1223 periculis,
472 1157 643 1207 coacti
688 1163 812 1207 sunt
856 1157 914 1206 in
960 1157 1195 1208 Scotiam
1247 1157 1525 1223 applicare.
1606 1157 1879 1224 Applicuit
1913 1158 2080 1224 igitur

163 1229 257 1278 illa
284 1235 467 1279 sancta
491 1229 695 1279 familia
720 1228 948 1295 quodam
974 1228 1091 1279 loco
1119 1228 1210 1295 qui
1237 1228 1384 1278 sinus
1422 1230 1632 1280 Sanctae
1663 1230 1986 1295 Margaretae
2013 1230 2079 1281 ab

163 1300 353 1350 incolis
389 1300 633 1367 deinceps
675 1300 1001 1367 appellatur,-
1043 1317 1147 1369 nec·
1183 1300 1285 1351 hoc
1330 1318 1457 1351 casu
1500 1301 1784 1366 contigisse
1829 1302 1920 1352 sed
1962 1320 2078 1352 eam

166 1372 377 1421 Summi
401 1372 505 1422 Dei
531 1372 862 1438 providentia
889 1372 1152 1422 credimus
1180 1372 1252 1422 ibi
1283 1371 1569 1423 advenisse.
1650 1373 1827 1439 Igitur
1851 1373 1908 1423 in
1935 1373 2079 1424 dicto

163 1444 284 1493 sinu
327 1444 547 1510 praefata
597 1450 959 1494 commorante
1009 1443 1227 1506 familia,
1279 1444 1590 1510 cunctisque
1631 1445 1707 1494 rci
1751 1446 1911 1495 finem
1957 1463 2080 1497 cum

163 1515 355 1566 timore
382 1515 831 1582 exspectantibus,
864 1515 1173 1565 nuntiatum
1208 1522 1288 1566 est
1322 1515 1435 1581 regi
1467 1516 1759 1566 Malcolmo
1795 1535 1949 1566 suum
1986 1517 2078 1567 ad-

162 1594 383 1637 ventum
400 1608 414 1649 5
457 1587 548 1654 qui
573 1593 703 1637 tunc
740 1587 804 1637 ab
841 1587 1027 1637 eodem
1067 1587 1184 1637 loco
1218 1586 1363 1636 haud
1396 1588 1581 1653 procul
1613 1605 1734 1638 cum
1762 1588 1870 1638 suis
1896 1607 2078 1639 mane-

161 1658 271 1721 bat,
299 1665 352 1709 et
379 1659 445 1709 ad
471 1677 657 1710 navem
684 1658 903 1708 nuntios
929 1658 1163 1724 dirigens
1188 1676 1302 1709 rem
1336 1658 1461 1709 inde
1486 1676 1665 1709 veram
1692 1659 2078 1710 sciscitabatur.

162 1731 362 1780 Nuntii
401 1736 581 1781 autem
618 1730 747 1780 illuc
786 1730 1075 1791 venientes,
1123 1736 1176 1780 et
1222 1729 1652 1796 magnitudinem
1696 1731 1843 1781 navis
1889 1738 2081 1798 praeter

163 1803 382 1852 solitum
423 1802 763 1863 admirantes,
814 1801 928 1867 regi
973 1819 1090 1868 quae
1135 1801 1375 1852 viderant
1419 1801 1678 1852 festinant
1720 1803 2079 1869 quantocitius

161 1874 414 1925 indicare.
493 1874 702 1926 Quibus
729 1873 941 1935 auditis,
983 1891 1074 1924 rex
1101 1873 1278 1939 plures
1315 1879 1368 1923 et
1402 1874 1770 1940 prudentiores
1796 1875 2079 1941 prioribus,

163 1946 227 1997 de
272 1946 493 1996 summis
535 1946 643 1996 suis
688 1945 1010 2012 proceribus,
1056 1944 1179 1995 illac
1224 1945 1432 1996 direxit.
1510 1947 1585 1996 At
1610 1946 1708 2008 illi,
1737 1946 1875 1997 sicut
1902 1948 2082 1997 nuntii

162 2018 322 2085 regiae
376 2017 669 2086 majestatis
732 2017 982 2084 suscepti,
1047 2017 1280 2067 virorum
1340 2018 1731 2083 proceritatem,
1796 2019 2081 2069 mulierum

163 2095 516 2153 venustatem,
554 2096 606 2140 et
632 2089 849 2140 familiae
875 2089 1040 2139 totius
1078 2088 1414 2151 industriam,
1454 2107 1561 2139 non
1590 2090 1703 2140 sine
1731 2090 2082 2142 admiratione

164 2162 474 2228 diligentius
512 2161 925 2222 considerantes,
969 2166 1181 2227 gratum
1222 2161 1361 2227 apud
1406 2161 1717 2228 semetipsos
1754 2161 1879 2212 inde
1918 2163 2080 2213 collo-

165 2234 351 2300 quium
378 2233 675 2284 conferunt.
755 2233 901 2284 Quid
926 2233 1117 2299 plura?
1158 2240 1407 2282 eventum
1447 2233 1540 2294 rei,
1584 2242 1637 2283 et
1671 2251 1847 2284 rerum
1891 2234 2082 2285 seriem

165 2314 218 2356 et
260 2323 492 2367 causam,
528 2304 706 2354 nuntii
748 2304 813 2354 ad
853 2304 954 2354 hoc
990 2303 1241 2354 destinati
1281 2304 1425 2354 dulci
1462 2304 1694 2371 alloquio
1730 2311 1782 2355 et
1809 2305 2083 2372 eloquenti

165 2378 445 2428 dulcedine
471 2376 812 2442 investigant.
891 2375 983 2425 Illi
1017 2382 1212 2437 autem,
1240 2382 1301 2425 ut
1332 2376 1456 2426 novi
1490 2376 1725 2443 hospites
1762 2383 1815 2427 et
1850 2378 2080 2440 advenae,

166 2467 382 2499 causam
417 2456 470 2500 et
510 2449 730 2498 modum
765 2465 983 2497 suorum
1019 2447 1380 2513 applicatuum
1406 2448 1579 2498 verbis
1614 2448 1753 2514 plica
1780 2449 2083 2500 carentibus

167 2522 241 2572 eis
279 2521 555 2571 humiliter
594 2525 865 2586 exponunt
907 2525 960 2569 et
1000 2519 1323 2585 eloquenter.
1404 2519 1622 2570 Reversi
1662 2526 1841 2570 autem
1886 2522 2081 2584 nuntii,

167 2611 287 2643 cum
315 2593 582 2643 seniorum
601 2592 969 2652 reverentiam,
991 2591 1251 2657 juvenum
1276 2608 1400 2641 vero
1427 2591 1784 2657 prudentiam,
1812 2598 2081 2643 matrona-

166 2683 287 2714 rum
314 2665 697 2725 maturitatem,
738 2670 791 2713 et
823 2662 1232 2729 juvencularum
1258 2669 1594 2713 venustatem
1630 2681 1724 2713 suo
1757 2664 1873 2730 regi
1898 2665 2081 2714 nunti-

168 2744 362 2797 assent,
392 2736 606 2803 quidam
635 2734 920 2785 subintulit
947 2734 1126 2784 dicens
1142 2755 1156 2796 3
1201 2739 1234 2761 “
1251 2734 1498 2785 Vidimus
1525 2734 1599 2785 ibi
1620 2735 1886 2801 quandam
1915 2737 2083 2787 domi-

168 2813 202 2836 “
224 2827 367 2871 nam,
411 2826 570 2875 quam
606 2807 673 2858 ob
714 2807 899 2857 formae
936 2806 1356 2872 incomparatam
1397 2807 1642 2873 speciem,
1683 2813 1737 2858 et
1768 2807 2085 2875 eloquentiae

169 2884 202 2907 “
218 2880 467 2947 jocundae
496 2879 891 2940 facunditatem,
933 2895 1052 2928 cum
1093 2877 1160 2928 ob
1197 2884 1506 2928 caeterarum
1549 2878 1947 2930 faecunditatem
1979 2880 2083 2930 vir-

169 2956 200 2979 “
223 2959 418 3015 tutum,
447 2952 591 3001 illius
616 2950 832 3001 familiae
852 2950 1053 3017 judicio
1073 2967 1192 2999 meo
1220 2950 1491 3000 dominam
1518 2950 1809 3016 suspicans,
1828 2951 1944 3013 tibi,
1973 2970 2083 3014 rex,

169 3028 204 3051 “
226 3024 492 3074 annuncio
509 3045 523 3085 3
553 3023 636 3085 de,
659 3023 739 3089 cuj
749 3041 809 3072 us
830 3021 1061 3071 mirabili
1081 3027 1360 3072 venustate
1380 3028 1433 3072 et
1459 3022 1761 3073 moralitate
1781 3023 2087 3073 mirandum

169 3099 204 3122 “
226 3095 395 3162 magis
416 3095 587 3145 sentio
609 3112 768 3161 quam
784 3093 1167 3143 narrandum.'’
1230 3093 1349 3143 Nec
1369 3093 1566 3143 mirum
1587 3093 1630 3143 si
1649 3094 1797 3144 illam
1814 3095 2087 3145 dominam

169 3167 508 3228 crediderint,
537 3184 697 3232 quam
724 3165 994 3216 dominam
1020 3182 1130 3214 non
1157 3164 1328 3215 solum
1354 3165 1498 3215 illius
1524 3165 1756 3229 familiae,
1789 3167 1880 3217 sed
1907 3166 2084 3229 etiam,

169 3347 284 3387 work
305 3346 351 3387 of
374 3345 543 3395 Aelred,
570 3348 646 3386 not
665 3359 758 3386 now
779 3348 941 3396 extant,
970 3347 1015 3385 to
1035 3345 1174 3385 which
1195 3345 1249 3385 he
1268 3344 1397 3385 refers
1416 3344 1461 3383 in
1485 3344 1603 3385 these
1622 3344 1781 3385 words:
1813 3345 1839 3363 ‘⁶
1854 3343 1949 3384 Hac
1970 3356 2088 3384 occa-

164 3402 286 3447 sione
317 3403 460 3441 actum
494 3403 570 3450 est,
601 3403 650 3440 ut
680 3401 924 3452 Margareta
949 3400 1061 3452 regis
1087 3399 1306 3440 Malcolmi
1337 3398 1499 3450 nuptiis
1518 3400 1771 3447 traderetur,
1800 3397 1922 3450 cujus
1941 3399 2087 3438 lauda-

169 3457 297 3496 bilem
331 3456 463 3495 vitam
493 3457 536 3495 et
568 3458 749 3496 mortem
779 3456 1007 3505 pretiosam
1039 3456 1143 3495 liber
1172 3455 1271 3494 inde
1303 3454 1442 3494 editus
1474 3454 1572 3493 satis
1600 3453 1833 3493 insinuat.''
1891 3453 1962 3492 He
1989 3465 2088 3505 may

171 3512 319 3550 indeed
340 3510 449 3550 refer
468 3512 511 3550 to
531 3510 604 3550 the
623 3510 696 3550 life
716 3511 761 3549 of
778 3510 838 3549 St.
855 3510 1075 3561 Margaret
1095 3509 1232 3549 which
1249 3508 1537 3558 immediately
1555 3508 1749 3559 precedes
1769 3507 1886 3546 these
1906 3509 2089 3547 extr-acts

171 3566 217 3605 in
238 3566 311 3605 the
330 3567 501 3616 present
520 3565 792 3616 publication,
821 3566 901 3604 but
920 3565 995 3604 the
1016 3565 1149 3604 words
1169 3576 1321 3614 appear
1342 3564 1485 3603 rather
1505 3565 1549 3602 to
1568 3562 1751 3602 indicate
1771 3574 1795 3600 a
1813 3562 1929 3601 work
1951 3562 1996 3601 of
2021 3562 2088 3601 his

173 3633 280 3669 own,
310 3620 393 3659 and
412 3620 567 3659 Aelred
587 3620 660 3658 has
680 3621 785 3659 been
806 3619 993 3660 credited
1012 3621 1067 3671 by
1088 3619 1143 3658 all
1163 3632 1242 3659 our
1261 3617 1594 3669 bibliographers
1616 3616 1717 3656 with
1737 3616 1810 3656 the
1837 3616 2088 3669 authorship

172 3676 220 3714 of
244 3688 268 3714 a
286 3674 358 3715 life
378 3675 424 3714 of
450 3674 596 3724 Queen
619 3674 848 3725 Margaret.

1775 3743 1799 3775 S
