2384 4126
826 431 1083 466 HISTORIA
1121 433 1329 467 REGUM.
1962 419 2030 467 33

119 562 313 619 tantes,
354 556 736 607 monasterium
778 557 843 608 ad
882 558 1078 608 ostium
1118 559 1261 610 Doni
1297 558 1482 610 amnisl
1514 558 1834 626 praedarunt.
1928 557 2034 609 Sed

122 629 350 678 Sanctus
377 628 707 679 Cuthbertus
731 646 841 679 non
867 629 980 680 sine
999 630 1276 696 punitione
1304 649 1392 682 eos
1419 631 1626 682 sinebat
1653 630 1813 681 abire.
1878 630 2032 680 Prin-

121 716 241 765 ceps
269 710 509 767 quoquem
536 717 719 751 eorum
748 700 949 751 ibidem
976 702 1178 753 crudeli
1211 720 1341 753 nece
1376 702 1580 753 occisus
1615 708 1694 753 est
1730 702 1795 752 ab
1823 701 2033 767 Anglis,

121 777 191 832 et,
231 778 348 837 post
387 771 565 838 exigui
602 771 856 838 temporis
895 773 1142 839 spatium,
1177 774 1256 824 vis
1293 774 1626 841 tempestatis
1660 791 1842 824 eorum
1874 790 2034 822 naves

120 843 403 908 quassavit,
455 843 702 910 perdidit,
756 844 1005 894 contrivit
1021 866 1035 907 3
1095 851 1148 896 et
1197 846 1549 912 perplurimos
1603 863 1749 896 mare
1806 844 2030 911 operuit.

119 914 385 964 Nonnulli
410 915 588 981 itaque
617 914 682 965 ad
708 914 862 965 littus
900 922 1026 965 sunt
1061 917 1234 983 ejecti,
1274 924 1328 968 et
1367 936 1491 967 mox
1528 916 1799 967 interfecti
1835 916 2033 982 absque

118 985 494 1036 misericordia.
573 987 644 1036 Et
681 992 825 1037 recte
861 987 968 1037 illis
1002 987 1116 1039 haec
1152 989 1510 1055 contigerunt,
1552 988 1803 1056 quoniam
1839 1005 1893 1038 se
1926 1005 2034 1037 non

118 1056 372 1108 laedentes
400 1057 629 1123 graviter
654 1057 921 1108 laeserunt.

231 1128 334 1178 His
360 1129 545 1179 diebus
572 1129 756 1191 Colcu,
784 1130 1059 1197 presbyter
1097 1137 1150 1181 et
1184 1131 1368 1194 lector,
1406 1150 1466 1182 ex
1505 1132 1605 1182 hac
1639 1131 1758 1182 luce
1784 1130 2034 1197 migravit

121 1199 186 1249 ad
222 1200 531 1262 Dominum,
569 1202 635 1267 (a)
674 1202 795 1253 Quo
834 1202 1056 1268 percipit
1089 1203 1303 1253 laudem
1337 1204 1611 1254 felicitatis
1642 1221 1736 1270 pro
1762 1202 2032 1253 laboribus

119 1272 362 1322 terrenis.
441 1274 521 1323 Ea
546 1279 863 1339 tempestate
891 1274 1237 1336 Ethelheard,
1267 1276 1534 1341 quondam
1562 1275 1668 1325 dux
1694 1281 1825 1325 tunc
1853 1281 2031 1325 autem

122 1343 360 1405 clericus,
389 1344 446 1393 in
472 1344 713 1394 Eboraca
739 1345 952 1396 civitate
980 1346 1262 1396 defunctus
1289 1354 1368 1397 est
1395 1347 1500 1398 kal.
1528 1347 1778 1413 Augusti.

228 1415 500 1466 Adrianus
538 1434 674 1482 papa
713 1417 1043 1467 venerandus
1082 1418 1268 1469 eodem
1311 1437 1450 1469 anno
1497 1418 1803 1469 sublevatus
1844 1424 1924 1468 est
1967 1417 2033 1467 ad

121 1486 225 1537 Dei
250 1487 505 1537 visionem
531 1487 599 1554 vij
628 1487 735 1538 kal.
765 1488 798 1537 J
803 1489 1006 1538 anuarii
1023 1510 1037 1551 3
1077 1489 1169 1556 qui
1201 1490 1336 1540 sedit
1364 1508 1529 1540 annos
1556 1491 1694 1557 xxvj,
1735 1508 1942 1540 menses
1980 1508 2031 1551 x,

122 1558 234 1609 dies
259 1559 350 1625 xij.
428 1560 527 1609 Est
566 1576 774 1626 quoque
805 1559 862 1609 in
894 1560 1114 1610 ecclesia
1154 1561 1338 1611 Sancti
1370 1561 1623 1628 principis
1656 1561 2034 1627 Apostolorum

122 1629 269 1680 Petri
321 1630 577 1696 sepultus,
638 1637 691 1680 et
742 1648 898 1697 super
948 1632 1248 1698 sepulcrum
1307 1633 1564 1699 platoman
1613 1633 1804 1699 parieti
1852 1632 2032 1694 infixa,

121 1707 271 1768 gesta
297 1701 559 1751 bonorum
586 1702 698 1768 ejus
726 1701 898 1752 aureis
923 1701 1092 1752 literis
1119 1709 1172 1754 et
1191 1704 1429 1754 versibus
1456 1704 1667 1770 scripta.
1747 1704 1868 1755 Hoc
1895 1722 2032 1754 mar-

119 1790 237 1823 mor
270 1772 345 1823 ibi
372 1773 605 1822 Karolus
638 1791 748 1835 rex,
784 1773 851 1823 ob
880 1791 1115 1825 amorem
1142 1780 1195 1825 et
1221 1775 1534 1826 memoriam
1573 1775 1812 1842 praedicti
1850 1775 2034 1842 patris,

120 1845 294 1895 facere
315 1844 494 1911 jussit,
531 1844 698 1911 regali
726 1844 893 1895 fretus
919 1845 1235 1897 diademate.

962 2033 1183 2066 DCCXCV.

225 2123 386 2173 Anno
428 2139 646 2173 DCC.XOV
696 2122 840 2174 idem
884 2141 976 2173 rex
1019 2123 1362 2174 fortissimus0
1415 2124 1648 2175 Karolus
1699 2142 1820 2175 cum
1871 2144 2034 2177 manu

118 2194 292 2245 valida
320 2195 644 2244 Hunnorum
673 2202 887 2261 gentem
916 2195 1075 2245 armis
1095 2195 1351 2245 vastando
1373 2196 1672 2262 subegerat,
1704 2199 1826 2259 (sic)
1852 2216 2034 2249 eorum

118 2266 355 2333 principe
380 2266 584 2332 fugato,
608 2273 660 2316 et
685 2267 850 2332 ipsius
872 2267 1106 2318 exercitu
1129 2274 1375 2333 superato
1395 2268 1477 2318 vel
1497 2276 1788 2334 perempto,
1812 2269 2035 2320 sublatis

119 2338 244 2388 inde
284 2356 349 2388 xv
388 2338 638 2404 plaustris
678 2355 804 2387 auro
841 2344 1166 2404 argentoque
1192 2338 1470 2404 palliisque
1497 2339 1763 2400 olosericis
1789 2341 2035 2406 pretiosis

119 2409 352 2476 repletis,
372 2426 597 2475 quorum
619 2409 863 2475 quodque
885 2415 1113 2476 quatuor
1132 2409 1417 2460 trahebant
1445 2410 1619 2461 boves.
1699 2411 1833 2462 Quae
1854 2414 2035 2464 omnia

119 2481 263 2531 idem
300 2498 411 2542 rex,
445 2476 660 2546 propter
698 2480 972 2531 victoriam
1011 2499 1041 2531 a
1074 2481 1309 2531 Domino
1341 2481 1442 2531 sibi
1473 2500 1794 2546 concessam,
1832 2484 2035 2535 Christi

120 2551 355 2603 ecclesiis
382 2556 539 2617 atque
565 2552 885 2618 pauperibus
907 2552 1139 2603 dividere
1165 2553 1433 2619 praecepit,
1462 2561 1638 2620 grates
1664 2555 1781 2606 Deo
1800 2556 2034 2607 referens

121 2642 242 2675 cum
268 2622 516 2674 omnibus
543 2641 722 2674 secum
748 2624 1128 2691 pugnantibus.

951 2805 1198 2839 DCCXCVI.

225 2895 385 2946 Anno
426 2894 683 2961 Dcc.xcvj,
730 2894 820 2961 qui
865 2901 944 2945 est
989 2914 1159 2946 annus
1203 2896 1270 2964 vij
1326 2897 1605 2950 Ethelredi
1653 2901 1811 2967 regis,
1865 2902 2032 2965 Alric,

122 2967 389 3034 quondam
431 2966 538 3016 dux
575 2973 706 3017 tunc
734 2966 972 3029 clericus,
1012 2967 1070 3016 in
1107 2967 1349 3019 Eboraca
1384 2970 1598 3022 civitate
1626 2972 1908 3023 defunctus
1936 2981 2031 3024 est.

121 3040 192 3089 Et
218 3038 374 3104 paulo
401 3045 536 3104 post,
575 3038 630 3088 id
658 3044 738 3089 est
765 3057 795 3088 v
814 3039 921 3089 kal.
949 3039 1167 3106 Aprilis,
1209 3041 1434 3108 eclypsis
1459 3042 1600 3094 lunae
1626 3044 1767 3095 facta
1787 3052 1867 3096 est
1893 3046 2035 3096 inter

120 3110 449 3177 gallicinium
477 3116 530 3160 et
557 3127 816 3160 auroram.

226 3181 429 3232 Eodem
469 3199 591 3232 vero
637 3200 775 3232 anno
819 3182 1141 3233 Ethelredus
1185 3201 1276 3234 rex
1321 3185 1525 3236 occisus
1570 3193 1650 3237 est
1686 3187 1826 3255 apud
1861 3189 2033 3240 Cobre

200 3346 211 3371 ¹
240 3346 435 3398 Symeon,
463 3346 509 3386 in
538 3347 604 3387 his
629 3347 826 3388 Durham
855 3347 1050 3400 History,
1083 3348 1289 3388 describes
1315 3347 1401 3387 this
1431 3361 1684 3389 occurrence
1710 3351 1753 3389 at
1779 3350 1853 3390 the
1878 3350 2034 3390 Portus

118 3401 321 3453 Ecgfridi,
351 3402 396 3441 of
420 3402 558 3441 which
587 3403 640 3442 he
669 3403 782 3449 adds,
809 3403 926 3442 “hoo
946 3406 1008 3443 est
1028 3403 1270 3454 Gyruum,”
1302 3416 1349 3442 01·
1369 3403 1549 3449 Jarr0W‚
1579 3404 1762 3444 situated
1781 3407 1822 3443 at
1843 3405 1916 3444 the
1936 3418 2034 3444 con-

121 3457 282 3496 fluence
302 3456 347 3495 of
362 3456 435 3497 the
454 3456 610 3496 rivulet
630 3457 727 3497 Don
748 3457 850 3497 with
870 3458 944 3497 the
964 3458 1082 3509 Tyne
1105 3458 1228 3509 (book
1250 3458 1307 3502 ii.‚
1328 3471 1364 3497 c.
1386 3458 1459 3509 v.).
1517 3458 1679 3498 Leland
1699 3459 1772 3498 has
1796 3459 1864 3498 the
1881 3459 2034 3498 follow-

119 3510 194 3561 ing
213 3511 398 3562 apposite
418 3514 517 3551 note
540 3511 833 3563 (Collectanea,
851 3513 932 3552 vol.
955 3512 996 3557 i.‚
1016 3526 1057 3563 p.
1081 3513 1178 3564 328)
1190 3512 1449 3561 3-“Portus
1469 3512 1631 3552 chridi
1651 3513 1780 3561 sinus,
1801 3514 1874 3563 qui
1889 3526 1913 3552 a
1929 3513 2036 3552 'Pina

119 3566 172 3605 ad
192 3565 324 3605 Girwi
344 3568 551 3616 penetrat.
611 3566 868 3606 Penetrabat
887 3569 930 3607 et
949 3567 1130 3607 interius
1149 3579 1282 3618 usque
1303 3568 1354 3606 ad
1374 3567 1542 3615 H11ton,
1571 3580 1678 3618 pene
1698 3571 1722 3606 3
1743 3580 1827 3617 pas.
1848 3567 2035 3606 millibus

118 3632 243 3670 super
275 3619 421 3667 Girwi,
455 3633 539 3672 quo
572 3621 809 3673 antiquitus
839 3624 882 3662 et
913 3622 1117 3662 naviculae
1142 3625 1439 3673 pervenerunt.
1504 3621 1723 3661 Fluviolus
1749 3622 1864 3660 hunc
1894 3622 2035 3661 sinum

115 3674 292 3713 intrat.''
821 3684 847 3700 m
884 3677 1046 3729 Quippe
1064 3676 1306 3717 interlined.

231 3730 307 3767 Vel
327 3742 510 3768 marmor
528 3728 775 3770 interlincd.
1115 3738 1131 3754 ⁰
1161 3731 1435 3770 Fortissimus
1455 3730 1489 3768 is
1509 3742 1563 3769 an
1584 3728 1915 3768 interlineation.

1712 3801 1745 3832 D
