2384 4126
279 363 386 412 246
1043 376 1319 410 APPENDIX
1358 375 1445 408 111.

282 522 484 571 suaque
515 504 750 572 pandere
783 509 987 555 secreta
1022 502 1364 570 dignabatur,
1404 518 1515 551 non
1547 500 1686 581 quia·
1702 499 1905 550 bonum
1933 499 2174 580 aliquid
2161 518 2219 549 111

282 595 369 627 1110
397 582 529 640 erat,
570 576 663 627 sed
702 576 828 643 quia
852 576 1026 627 inesse
1061 581 1358 643 putaverat.
1437 574 1576 624 Cum
1604 572 1747 623 enim
1775 572 1908 622 mihi
1934 572 1999 623 de
2027 571 2219 622 animae

284 649 474 712 salute,
516 655 569 700 et
616 648 680 699 de
721 648 967 715 perennis
993 647 1116 698 vitae
1153 648 1463 714 loqueretur
1504 644 1806 707 dulcedine,
1845 644 2007 695 verba
2044 643 2219 694 omnis

287 721 473 787 gratiae
537 721 697 788 plena
754 720 1075 787 proferebat,
1130 738 1249 786 quae
1299 736 1420 769 vere
1469 717 1801 768 inhabitator
1861 716 2032 767 cordis
2086 716 2218 783 ejus,

287 792 520 860 Spiritus
569 793 819 855 Sanctus,
864 810 959 860 per
1003 810 1062 843 os
1105 791 1251 842 illius
1294 790 1536 842 sonabat.
1627 790 1862 840 Tantum
1905 807 2028 839 vero
2077 788 2222 839 inter

284 865 616 932 loquendum
666 864 1145 932 compungebatur,
1205 870 1265 914 ut
1315 869 1431 914 tota
1480 862 1538 912 in
1588 862 1852 942 lacrymas
1909 860 2223 912 resolvenda

285 943 584 1005 putaietur,
615 942 792 1004 atque,
819 936 966 987 illius
1002 935 1432 1003 compunctione,
1472 953 1625 986 mens
1659 952 1780 985 mea
1805 934 1862 983 in
1888 933 2045 984 fletus
2075 951 2220 983 com-

287 1016 634 1076 pungeretur.
711 1010 830 1060 Prae
863 1008 1070 1059 cunctis
1099 1026 1220 1059 vero
1260 1026 1392 1075 quos
1430 1025 1528 1073 ego
1563 1024 1709 1057 nunc
1734 1006 1860 1056 novi
1885 1004 2221 1066 mortalibus,

288 1082 520 1132 orationi
558 1088 610 1132 et
645 1081 979 1148 jejuniorum
1019 1080 1229 1141 studiis,
1269 1078 1648 1130 misericordiae
1675 1096 1735 1128 ac
1763 1045 2223 1145 eleemosynaruni

288 1154 470 1204 dedita
511 1159 624 1203 erat
663 1152 929 1219 operibus.
1009 1153 1089 1218 Ut
1130 1169 1257 1218 ergo
1298 1151 1534 1218 primum
1568 1151 1634 1201 de
1666 1150 1908 1200 oratione
1934 1150 2126 1212 dicam,
2167 1149 2225 1198 in

288 1225 513 1276 ecclesia
552 1242 711 1275 nemo
752 1224 846 1274 illa
891 1224 1098 1275 silendo
1142 1223 1390 1290 quietior,
1443 1223 1535 1273 sed
1580 1222 1782 1273 orando
1833 1239 1991 1272 nemo
2043 1221 2225 1272 aderat

287 1297 566 1348 intentior.
644 1296 801 1346 Nihil
843 1296 988 1347 enim
1032 1314 1271 1362 unquam
1316 1296 1375 1345 in
1417 1295 1575 1345 domo
1616 1294 1720 1345 Dei
1764 1294 2016 1345 saeculare
2056 1293 2222 1360 loqui,

286 1369 424 1420 1111111
468 1376 742 1420 terrenum
788 1387 962 1435 agere,
1016 1368 1109 1419 sed
1164 1369 1402 1435 [tantum
1454 1375 1802 1418 consueverat
1852 1384 2021 1428 orare,
2067 1383 2225 1416 orans

286 1442 551 1510 lacrymas
590 1441 850 1503 fundere,-
911 1441 1024 1492 solo
1070 1439 1310 1508 quidem]
1352 1458 1569 1507 corpore
1609 1439 1668 1489 in
1711 1444 1872 1502 terra,
1913 1438 2004 1489 sed
2045 1444 2228 1489 mente

288 1515 406 1566 Deo
446 1513 723 1581 proxima:
765 1531 893 1564 nam
926 1519 1122 1581 praetor
1161 1513 1357 1575 Deum,
1399 1518 1452 1564 et
1488 1529 1605 1579 quae
1646 1511 1749 1562 Dei
1785 1517 1955 1574 erant,
1994 1511 2074 1560 nil
2112 1511 2228 1578 ejus

286 1605 423 1654 pura
449 1586 693 1653 quaesivit
719 1585 906 1636 oratio.
986 1586 1069 1636 De
1096 1585 1304 1653 jejunio
1333 1591 1512 1635 autem
1540 1584 1669 1651 quid
1696 1584 1913 1634 dicam?
1953 1583 2058 1633 nisi
2085 1583 2227 1650 quod

286 1677 381 1726 per
439 1659 663 1708 nimiam
721 1657 1103 1708 abstinentiam
1160 1657 1485 1724 gravissimae
1542 1656 1873 1706 infirmitatis
1930 1655 2228 1706 incurreret

286 1731 608 1782 molestiam.
689 1730 793 1780 His
828 1730 1054 1792 duobus,
1095 1730 1152 1780 id
1187 1737 1268 1781 est
1304 1729 1533 1780 orationi
1574 1735 1626 1780 et
1667 1728 2025 1790 abstinentiae,
2067 1728 2225 1778 bene-

285 1802 409 1853 ficia
460 1802 729 1869 copulavit
779 1802 1174 1853 misericordiae.
1270 1801 1412 1853 Quid
1468 1801 1612 1852 enim
1662 1801 1806 1850 illius
1856 1806 2070 1867 pectore
2122 1800 2225 1851 cle-

286 1874 565 1925 mentius?
641 1874 787 1926 Quid
823 1892 949 1941 erga
975 1880 1191 1941 egentes
1218 1873 1503 1940 benignius
1526 1874 1548 1923 Ρ
1625 1873 1754 1923 Νο11
1782 1873 1956 1923 80111111
1983 1891 2093 1934 8113,
2135 1872 2228 1923 8οᾶ

287 1947 451 1998 0113111
470 1946 716 2014 seipsam,
740 1946 783 1996 si
805 1946 1008 2008 liceret,
1031 1946 1251 2014 pauperi
1276 1945 1509 1997 libenter
1528 1945 1879 2012 impenderet.
1960 1944 2227 1996 Omnibus

288 2019 400 2069 suis
443 2019 768 2086 pauperibus
814 2025 928 2069 erat
969 2019 1084 2085 ipsa
1127 2018 1440 2085 pauperior:
1496 2018 1577 2067 illi
1622 2017 1768 2068 enim
1805 2035 1916 2068 non
1967 2017 2225 2067 habentes

285 2091 485 2142 habere
528 2091 846 2157 cupiebant:
888 2090 992 2141 ista
1025 2109 1148 2141 vero
1184 2108 1303 2157 quae
1328 2090 1592 2141 habuerat
1628 2089 1932 2156 dispergere
1960 2089 2225 2139 studebat.

287 2164 428 2214 Cum
453 2163 510 2213 in
536 2163 815 2230 publicum
840 2162 1153 2229 procederet
1178 2163 1262 2213 vel
1289 2163 1572 2229 equitaret,
1595 2162 1931 2224 miserorum,
1960 2161 2225 2228 orphano-

286 2254 426 2298 rum,
448 2235 732 2286 viduarum
760 2253 949 2302 greges
979 2235 1131 2302 quasi
1152 2235 1219 2285 ad
1245 2241 1475 2285 matrem
1502 2234 1798 2302 piissimam
1822 2234 2194 2285 confluxerunt
2210 2254 2225 2295 3

287 2326 515 2376 quorum
560 2307 697 2358 nulli
743 2308 809 2358 ab
850 2326 912 2358 ea
957 2308 1071 2358 sine
1117 2307 1480 2358 consolatione
1527 2307 1888 2357 abcesserunt.
1981 2307 2053 2356 Et
2105 2324 2227 2356 cum

287 2381 485 2443 omnia,
545 2398 664 2447 quae
714 2397 896 2430 secum
943 2379 1009 2430 ad
1054 2398 1180 2430 usus
1235 2379 1511 2446 egentium
1562 2379 1983 2440 circumtulerat,
2048 2378 2225 2428 distri-

286 2452 512 2514 buisset,
551 2457 741 2515 vestes,
787 2452 871 2503 vel
918 2470 1283 2519 quascumque
1327 2470 1429 2514 res,
1471 2470 1602 2519 quas
1642 2458 1774 2502 tunc
1818 2450 2090 2502 habebant
2137 2450 2229 2518 qui

290 2525 340 2576 ei
392 2525 584 2576 divites
634 2524 719 2575 vel
770 2524 1005 2575 ministri
1058 2524 1299 2587 aderant,
1359 2524 1681 2591 pauperibus
1733 2524 1935 2574 dandas
1992 2522 2230 2590 accipere

288 2597 512 2659 solebat,
534 2615 603 2648 ne
631 2596 916 2664 aliquando
944 2614 1144 2663 egenus
1172 2596 1342 2646 tristis
1370 2596 1556 2647 abiret.
1633 2596 1753 2647 Nec
1778 2596 1881 2647 hoc
1905 2595 1986 2646 illi
2005 2595 2230 2646 moleste

287 2669 551 2731 ferebant,
593 2669 723 2736 quin
763 2669 943 2735 potius
974 2686 1069 2718 sua
1101 2668 1182 2718 illi
1208 2669 1399 2720 offerre
1427 2668 1725 2731 certabant,
1766 2668 2018 2735 quoniam
2050 2668 2232 2718 omnia

290 2741 392 2792 sibi
420 2741 485 2791 ab
511 2741 606 2791 illa
631 2740 793 2807 duplo
820 2741 1090 2791 reddenda
1119 2758 1220 2821 pro
1247 2746 1393 2791 celto
1420 2740 1677 2792 sciebant.
1757 2740 2039 2790 Interdum
2066 2740 2230 2790 etiam

291 2813 665 2892 quodcumque
690 2812 827 2862 illud
853 2819 992 2863 esset
1017 2812 1159 2879 regis
1187 2812 1478 2879 proprium,
1514 2830 1682 2879 egeno
1708 2812 2057 2863 tribuendum
2083 2812 2227 2874 tulit,

291 2903 452 2952 quam
477 2884 569 2935 ille
604 2884 820 2950 pietatis
857 2884 1109 2964 rapinam
1138 2884 1360 2935 omnino
1396 2891 1670 2951 acceptam
1703 2902 1912 2951 semper
1939 2890 1992 2935 et
2020 2891 2228 2951 gratam

289 2956 498 3007 habuit.
593 2957 740 3006 Nam
792 2956 1045 3022 quoniam
1096 2956 1208 3023 ipse
1260 2956 1326 3006 ad
1384 2956 1701 3006 mandatum
1761 2974 1919 3006 suum
1969 2956 2028 3006 in
2079 2974 2230 3007 coena

291 3028 532 3091 Domini,
573 3034 626 3079 et
654 3028 721 3078 ad
746 3028 1044 3078 Missarum
1070 3028 1349 3079 sollemnia
1379 3045 1629 3078 nummos
1670 3046 1856 3079 aureos
1888 3028 2077 3079 offerre
2105 3046 2230 3079 con-

292 3106 553 3162 sueverat,
597 3118 660 3150 ex
703 3099 786 3149 his
831 3100 1037 3167 aliquos
1077 3100 1193 3167 ipsa
1234 3100 1426 3166 saepius
1458 3100 1541 3166 pie
1575 3100 1759 3163 furari,
1800 3106 1853 3151 et
1888 3100 2109 3168 pauperi
2137 3100 2229 3168 qui

293 3191 411 3224 eam
437 3172 820 3222 inclamaverat
847 3172 1005 3222 solita
1038 3177 1152 3222 erat
1186 3171 1387 3238 largiri.
1466 3173 1538 3223 Et
1574 3190 1713 3239 saepe
1745 3172 1958 3239 quidem
1989 3191 2111 3223 cum
2136 3191 2230 3224 rex

291 3245 404 3311 ipse
432 3244 607 3307 sciret,
629 3243 833 3295 nescire
859 3248 1044 3294 tamen
1064 3262 1119 3294 se
1139 3244 1413 3306 simulans,
1434 3244 1745 3312 hujusmodi
1764 3245 1908 3295 furto
1936 3245 2229 3312 plurimum

294 3316 663 3368 delectabatur
681 3337 696 3378 3
762 3333 1151 3382 nonnunquam
1209 3333 1334 3366 vero
1392 3334 1560 3366 manu
1612 3316 1760 3367 illius
1820 3335 1942 3367 cum
1992 3317 2229 3367 nummis

294 3388 695 3456 comprehensa,
752 3388 1056 3450 adductam,
1110 3405 1230 3438 meo
1275 3387 1498 3455 judicio,
1556 3407 1704 3439 ream
1755 3407 1869 3440 esse
1923 3389 2225 3456 jocabatur.

292 3461 413 3513 Nec
448 3461 623 3512 solum
660 3460 929 3527 indigenis
970 3459 1269 3527 egentibus,
1310 3478 1495 3511 verum
1532 3461 1695 3512 etiam
1724 3461 1789 3512 de
1815 3461 2064 3512 omnibus
2094 3479 2230 3528 pene

292 3533 623 3594 nationibus,
677 3533 743 3583 ad
785 3532 931 3582 illius
974 3532 1355 3583 misericordiae
1395 3532 1594 3583 famam
1638 3533 2065 3600 properantibus,
2108 3551 2230 3583 cum

292 3605 567 3656 hilaritate
595 3604 767 3656 cordis
794 3604 1220 3655 munificentiam
1248 3604 1533 3656 exhibebat
1560 3605 1843 3671 largitatis.
1922 3605 2077 3656 Licet
2108 3623 2229 3671 pro-

291 3677 435 3728 fecto
476 3677 630 3728 nobis
678 3677 742 3729 de
788 3677 880 3727 illa
924 3676 1116 3738 dicere,
1170 3677 1453 3743 Dispersit,
1508 3678 1652 3728 dedit
1694 3678 2053 3743 pauperibus;
2114 3678 2229 3728 ideo
