2384 4126
294 414 364 464 34
908 430 1179 464 SYMEONIS
1219 430 1611 464 DUNELMENSIS

292 556 401 624 xiiij
446 557 553 608 kal.
595 557 752 620 Maii,
794 575 934 608 anno
977 558 1046 626 vij
1090 557 1244 625 regni
1285 557 1401 608 sui:
1393 566 1433 598 -Ρ
1486 556 1690 609 Osbald
1730 573 1855 607 vero
1898 555 2151 623 patricius
2191 573 2222 605 a

293 629 613 696 quibusdam
652 629 818 697 ipsius
854 630 1030 711 gentis
1069 629 1444 710 principibus
1430 648 1487 680 10
1513 646 1741 709 regnum
1768 633 1848 679 est
1876 627 2220 689 constitutus,

293 708 347 751 et
373 707 492 768 post
518 702 656 770 xxvij
688 702 800 753 dies
826 702 974 753 omni
999 703 1158 769 regiae
1190 702 1407 752 familiae
1435 720 1495 752 66
1526 701 1829 769 principum
1856 706 1936 751 est
1964 700 2218 750 societate

293 772 600 836 destitutus,
640 775 980 842 fugatusque,
1018 781 1071 825 et
1099 774 1164 826 de
1198 792 1365 841 regno
1401 774 1667 841 expulsus,
1709 779 1868 840 atque
1896 772 1962 823 ad
1987 772 2220 822 insulam

291 846 786 904 Lindisfarnensem
809 865 930 897 cum
957 847 1139 913 paucis
1161 846 1377 898 secessit
1394 868 1407 909 3
1439 853 1492 897 et
1511 846 1637 897 inde
1655 845 1721 896 ad
1742 863 1922 911 regem
1943 844 2220 894 Pictorum

291 935 414 968 cum
441 919 760 986 quibusdam
788 936 815 969 e
841 919 1097 969 fratribus
1122 919 1335 986 navigio
1361 918 1617 986 pervenit.
1694 917 1927 969 Eardulf
1959 916 2120 978 enim,
2154 915 2220 966 de

291 1008 396 1056 quo
434 991 869 1057 supra-diximus,
910 991 1052 1041 filius
1090 990 1348 1054 Eardulfi,
1390 991 1454 1041 (16
1487 990 1645 1041 6Χ1110
1678 997 1915 1052 vocatus,
1955 988 2110 1055 regni
2135 987 2217 1037 10-

288 1062 416 1112 fulis
444 1069 524 1113 est
552 1063 888 1124 sublimatus,
927 1069 979 1113 et
1021 1063 1078 1112 in
1110 1062 1370 1123 Eboraca,
1401 1063 1460 1112 in
1495 1062 1718 1113 ecclesia
1746 1061 1932 1112 Sancti
1957 1060 2123 1123 Petri,
2153 1060 2220 1110 ad

290 1133 457 1185 altare
497 1134 642 1185 beati
683 1134 930 1201 Apostoli
970 1134 1142 1197 Pauli,
1188 1134 1284 1185 ubi
1325 1134 1420 1184 1116
1460 1153 1590 1201 gens
1633 1135 1868 1201 primum
1911 1137 2219 1200 perceperat

290 1206 520 1272 gratiam
547 1206 818 1287 baptismi,
842 1212 1182 1256 consecratus
1210 1212 1308 1268 est,
1336 1206 1404 1273 vij
1434 1206 1541 1257 kal.
1566 1206 1599 1256 J
1602 1225 1735 1256 unu
1812 1207 1884 1256 Et
1910 1223 2020 1255 non
2046 1205 2219 1255 multo

287 1284 426 1344 post,
480 1278 537 1328 id
579 1285 676 1340 est,
728 1278 796 1345 vij
841 1278 948 1328 kal.
996 1277 1249 1344 Augusti,
1291 1277 1416 1329 Offa
1456 1296 1547 1329 rex
1596 1277 2021 1345 potentissimusq
2067 1277 2217 1327 Mer-

288 1349 510 1412 ciorum,
565 1356 847 1430 postquam
893 1349 1055 1400 xxxix
1098 1367 1265 1400 annos
1315 1350 1577 1416 regnavit,
1634 1349 1917 1400 defunctus
1962 1355 2076 1411 est,
2134 1349 2219 1399 6111

288 1390 542 1472 successit
577 1422 634 1471 in
671 1439 838 1488 regno
877 1422 1019 1472 filius
1055 1422 1169 1489 ejus
1197 1422 1475 1489 Ecgferth,
1517 1422 1608 1502 (1111
1635 1422 1822 1473 eodem
1850 1439 2006 1484 anno,
2046 1428 2219 1472 morte

286 1494 710 1560 superveniente,
734 1494 976 1545 debitum
1003 1494 1120 1545 11661
1141 1494 1344 1545 invitus
1362 1494 1638 1545 6011666611.
1706 1493 1975 1545 Coenvulf
1990 1511 2217 1561 quoque,

283 1572 437 1632 pater
479 1566 665 1617 Sancti
711 1567 965 1617 Kenelmi
1004 1567 1296 1634 martyris,
1341 1566 1534 1618 dehinc
1580 1566 1826 1618 diadema
1869 1566 2023 1633 regni
2067 1566 2217 1616 Mer-

285 1638 490 1688 ciorum
519 1639 751 1706 suscepit
779 1639 1025 1706 gloriose,
1053 1639 1335 1706 tenuitque
1360 1639 1560 1690 invicta
1579 1639 1777 1690 virtute
1804 1638 2010 1706 potenti
2036 1638 2218 1718 vigore

285 1710 369 1761 sui
409 1718 737 1778 potentatus.
831 1712 957 1778 Ipso
1003 1729 1214 1778 quoque
1257 1729 1397 1762 anno
1444 1711 1715 1763 Ceolwlf
1702 1730 1760 1761 10
1805 1711 2053 1762 Lindisse
2096 1710 2219 1761 vitae

285 1782 449 1850 hujus
467 1790 710 1850 tempora
728 1783 1068 1850 contempsit,
1086 1784 1257 1834 futuri
1278 1784 1459 1835 saeculi
1480 1784 1899 1835 consolationem
1917 1789 2218 1864 expectans.

284 1927 562 2009 episcopus
603 1927 737 1978 obiit
777 1928 835 1977 in
878 1928 1202 1979 monasterio
1238 1928 1379 1995 quod
1420 1928 1617 1979 dicitur
1652 1929 1881 1991 Etclete,
1923 1946 2218 1995 corpusque

286 2000 401 2067 ejus
428 2017 625 2066 magno
653 2000 944 2051 comitante
972 2001 1184 2067 agmine
1207 2001 1273 2051 ad
1299 2001 1597 2051 Eboracam
1625 2000 1897 2051 civitatem
1924 2007 2217 2067 portantes,

284 2072 341 2122 in
368 2072 591 2123 ecclesia
615 2072 761 2122 beati
788 2072 938 2123 Petri
964 2073 1212 2139 Apostoli
1239 2073 1509 2140 sepultum
1538 2078 1618 2124 est
1643 2073 1951 2123 honorifice.
2021 2073 2218 2123 Statim

282 2162 408 2195 vero
451 2144 585 2195 alter
627 2144 958 2206 EanbaldUS,
1011 2145 1251 2212 ejusdem
1294 2145 1530 2196 ecclesiae
1570 2145 1864 2212 presbyter,
1918 2145 1975 2194 in
2016 2145 2218 2211 episco-

283 2222 470 2284 patum
498 2222 578 2267 est
606 2217 826 2280 electus,
868 2217 1310 2268 convenientibus
1345 2217 1411 2268 ad
1447 2217 1842 2268 ordinationem
1879 2217 1995 2284 ejus
2029 2217 2218 2268 Ethel-

282 2289 437 2339 berto
464 2294 517 2339 et
547 2288 840 2356 Hygbaldo
867 2295 1027 2356 atque
1054 2290 1296 2340 Badwlfo
1325 2289 1603 2357 episcopis,
1642 2289 1699 2339 in
1727 2289 2051 2340 monasterio
2079 2289 2220 2357 quod

285 2360 482 2412 dicitur
510 2361 889 2429 Sochasburg,·⁵
915 2361 1037 2430 xviij
1068 2362 1176 2413 kal.
1208 2362 1557 2430 SeptembriS,
1598 2362 1683 2413 (116
1715 2361 2016 2413 Dominica.

1122 2588 1395 2622 DCCXCVII.

394 2686 556 2736 Anno
591 2684 849 2751 Dcc,xcviJ'
889 2681 1201 2735 Eanbaldus
1235 2684 1328 2735 ille
1362 2683 1643 2751 posterior,
1682 2689 1900 2751 accepto
1937 2683 2002 2735 ab
2044 2684 2217 2752 Apos-

285 2756 448 2808 tolica
474 2757 598 2808 sede
624 2757 803 2824 pallio,
821 2757 878 2806 in
900 2756 1414 2823 archiepiscopatum
1435 2757 1584 2823 genti
1609 2756 2218 2824 Northanhymbrorum

287 2829 599 2880 solemniter
637 2829 982 2879 confirmatus
1022 2834 1102 2879 est
1146 2829 1194 2895 vj
1243 2828 1364 2878 idus
1410 2828 1760 2896 Septembris,
1808 2847 1913 2895 qua
1954 2828 2039 2880 (116
2080 2829 2217 2881 6616-

285 2902 473 2953 bratur
499 2901 846 2963 solemnitas,t
880 2900 946 2951 (16
974 2918 1078 2967 qua
1102 2905 1261 2967 poeta
1287 2899 1380 2963 ait,

695 2998 936 3064 “Splendet
954 3012 1116 3053 honore
1136 3012 1235 3059 dies,
1256 3014 1319 3053 est
1337 3012 1382 3052 in
1404 3026 1489 3065 quo
1508 3012 1629 3065 virgo
1651 3013 1792 3054 Maria

733 3068 874 3121 Stirpe
892 3068 1030 3109 David
1050 3068 1160 3120 regis
1179 3068 1408 3119 procedens
1428 3068 1542 3110 edita
1560 3070 1762 3111 mundo.”

288 3159 495 3211 Eodem
523 3176 663 3210 anno
695 3158 1061 3221 Ethelbertus,
1099 3159 1572 3225 Augustaldensis¹⁴
1599 3159 1894 3228 episcopuS,
1936 3159 2220 3212 defunctus

290 3238 371 3284 est
415 3231 519 3300 xvij
566 3231 674 3282 kal.
721 3230 1061 3293 Novembris,
1112 3230 1171 3280 in
1213 3231 1331 3282 1060
1382 3232 1474 3299 qui
1525 3232 1722 3283 dicitur
1765 3234 1975 3284 Bartun
1995 3254 2009 3295 3
2065 3234 2217 3301 cujus

291 3322 481 3372 corpus
509 3303 575 3354 ad
604 3302 982 3369 Hestaldesige
1010 3308 1090 3354 est
1114 3303 1397 3369 perlatum,
1427 3310 1480 3355 et
1506 3305 1883 3357 venerabiliter
1910 3323 1939 3356 a
1965 3305 2218 3356 fratribus

288 3377 456 3445 ipsius
491 3375 719 3427 coenobii
759 3375 1044 3443 sepultum.
1123 3375 1346 3426 Electus
1377 3394 1501 3427 vero
1541 3383 1621 3428 est
1656 3395 1751 3444 pro
1787 3395 1849 3428 eo
1882 3377 2136 3428 Headred
2161 3378 2218 3428 in

368 3532 390 3557 Ρ
421 3524 555 3565 These
576 3523 671 3564 four
689 3522 825 3563 words
844 3534 915 3562 are
933 3520 1173 3563 interlined.
1234 3521 1371 3563 Cobre
1390 3522 1425 3562 is
1443 3522 1647 3575 probably
1668 3523 1912 3576 Corbridge.

374 3586 390 3611 ⁹
421 3580 739 3619 Potentissimus
758 3578 793 3617 is
812 3576 1054 3617 interlined.

375 3642 390 3659 r
417 3635 551 3675 These
570 3635 667 3674 four
686 3633 821 3673 words
839 3645 910 3673 are
930 3631 1170 3672 interlined.
1447 3640 1460 3658 ³
1490 3634 1711 3674 Sockburn
1732 3646 1786 3674 00
1808 3633 1882 3675 the
1903 3633 2021 3674 Tees.

380 3693 390 3713 ‘
415 3692 471 3729 Id
490 3694 551 3729 est
569 3690 772 3729 nativitas
795 3689 959 3728 Sanetae
981 3689 1136 3728 Mariae
1157 3687 1398 3728 interlined.

373 3751 391 3767 '‘
423 3745 524 3784 This
546 3745 659 3784 word
678 3744 713 3783 is
733 3756 786 3783 an
807 3742 1025 3783 insertion.
