2384 4126
290 331 397 380 248
1052 348 1327 381 APPENDIX
1367 348 1454 379 111.

289 473 526 540 primum
553 473 857 525 Matutinas
886 473 950 525 de
979 475 1180 525 Sancta
1205 474 1487 535 Trinitate,
1520 473 1584 523 de
1614 474 1813 524 Sancta
1839 474 2028 536 Cruce,
2072 479 2219 540 post-

290 546 512 606 modum
557 546 622 597 de
671 547 870 597 Sancta
914 546 1093 596 Maria
1135 546 1252 613 ipsa
1296 546 1410 596 sola
1452 545 1768 612 complevit,
1824 545 2011 612 hisque
2056 545 2221 595 finitis

291 618 484 669 Officia
509 619 855 669 Mortuorum
882 618 1110 685 incepit:
1152 624 1272 685 post
1300 636 1416 684 quae
1439 618 1758 668 Psalterium
1786 617 2076 679 inchoavit,
2105 635 2219 680 nec,

292 708 569 756 quousque
611 691 678 741 ad
721 691 885 741 finem
924 691 1256 757 perduceret,
1301 689 1541 740 cessavit.
1636 690 2048 741 Celebrantibus
2089 689 2221 740 hora

291 780 528 829 congrua
553 762 876 830 presbyteris
914 763 1126 813 Laudes
1147 762 1472 824 Matutinas,
1507 761 1726 812 interim
1753 762 1868 829 ipsa
1894 762 2221 812 Psalterium

289 834 373 884 vel
399 834 675 901 inceptum
703 835 894 897 finivit,
923 835 1006 886 vel
1038 852 1148 885 uno
1183 834 1338 884 finito
1374 834 1605 885 alterum
1638 835 1750 901 jam
1793 834 2010 901 incepit.
2090 834 2217 884 Per-

292 912 411 957 acto
457 913 639 957 autem
674 907 966 958 Matutinae
1008 907 1209 957 Laudis
1246 906 1436 969 officio,
1472 906 1679 957 rediens
1712 906 1772 956 -in
1808 924 2091 968 cameram,
2130 924 2220 956 sex

289 996 584 1045 pauperum
610 978 769 1045 pedes
799 997 921 1029 cum
948 997 1072 1045 rege
1098 979 1215 1045 ipsa
1239 979 1433 1041 lavare,
1463 985 1516 1029 et
1544 978 1762 1045 aliquid,
1805 996 1909 1045 quo
1936 985 2218 1045 pauperta-

289 1057 400 1101 tem
444 1069 597 1100 suam
638 1050 957 1112 solarentur,
1004 1051 1209 1101 solebat
1253 1068 1487 1117 erogare.
1586 1052 1810 1100 Summa
1854 1050 2047 1116 quippe
2092 1068 2221 1100 cura

289 1122 465 1172 fuerat
493 1122 801 1185 camerario,
823 1129 903 1185 ut,
933 1128 1057 1173 ante
1084 1122 1367 1173 introitum
1394 1122 1611 1188 reginae,
1654 1140 1748 1189 per
1773 1122 2010 1188 singulas
2035 1128 2219 1172 noctes

286 1212 546 1261 pauperes
586 1194 970 1257 introduceret,
1000 1200 1281 1261 quatenus,
1316 1195 1382 1244 ad
1418 1194 1758 1245 serviendum
1789 1194 1863 1244 eis
1895 1194 2219 1260 ingrediens,

289 1266 405 1333 ipsa
431 1272 644 1333 paratos
669 1266 951 1317 inveniret.
1021 1266 1123 1316 His
1148 1266 1396 1333 peractis,
1420 1266 1587 1333 quieti
1608 1284 1662 1316 se
1684 1284 1744 1316 ac
1771 1266 1946 1332 sopori
1973 1266 2220 1316 contulit.

288 1339 429 1388 Cum
456 1356 579 1389 vero
607 1356 764 1389 mane
791 1338 934 1389 facto
961 1338 1102 1389 lecto
1130 1338 1462 1400 surrexisset,
1505 1338 1752 1406 precibus
1789 1345 1841 1389 et
1877 1338 2093 1406 psalmis
2127 1338 2221 1388 diu

287 1410 589 1472 insistebat,
642 1417 695 1461 ct
745 1411 887 1461 inter
932 1411 1268 1477 psallendum
1312 1410 1690 1461 misericordiae
1735 1429 1868 1478 opus
1913 1410 2217 1478 peragebat.

287 1483 498 1533 Novem
521 1482 666 1534 enim
686 1483 984 1533 infantulos
1005 1483 1289 1550 orphanos,
1311 1483 1460 1533 omni
1487 1483 1685 1533 auxilio
1712 1483 2019 1545 destitutos,
2049 1482 2221 1550 prima

286 1555 393 1605 diei
432 1555 565 1606 hora
605 1555 671 1606 ad
707 1574 760 1606 se
801 1555 1072 1606 introduci
1117 1556 1246 1607 fecit
1286 1555 1617 1606 reficiendos.
1703 1556 1736 1604 J
1741 1561 1948 1605 usserat
1988 1573 2221 1622 namque

288 1627 432 1678 cibos
475 1627 763 1689 molliores,
808 1628 998 1694 quibus
1026 1627 1290 1678 infantilis
1320 1634 1448 1679 aetas
1475 1628 1790 1690 delectatur,
1832 1627 1939 1678 illis
1981 1627 2220 1695 quotidie

285 1699 573 1766 praeparari
590 1721 603 1761 ,-
647 1718 777 1766 quos
816 1700 1004 1750 allatos
1040 1700 1135 1750 illa
1160 1700 1308 1750 flexis
1336 1700 1561 1766 genibus
1598 1718 1881 1767 apponere,
1926 1699 2217 1750 sorbitiun-

288 1772 435 1822 culas
463 1772 537 1822 eis
564 1771 755 1834 facere,
792 1777 861 1833 et,
905 1772 1098 1838 quibus
1137 1772 1367 1839 ipsamet
1399 1772 1653 1823 utebatur
1685 1772 2030 1834 coclearibus,
2074 1771 2221 1822 cibos

286 1843 394 1894 illis
435 1844 493 1893 in
534 1861 627 1894 ora
666 1844 992 1911 dignabatur
1032 1844 1263 1895 mittere.
1343 1845 1431 1895 Ita
1464 1844 1668 1910 regina,
1708 1862 1826 1911 quae
1865 1844 1931 1894 ab
1970 1844 2218 1895 omnibus

285 1916 497 1983 populis
517 1916 660 1966 hono
673 1916 917 1983 [rabatur
941 1934 1038 1983 pro
1075 1916 1307 1978 Christo,
1348 1924 1401 1967 et
1435 1917 1697 1967 ministrae
1733 1922 1786 1967 et
1827 1916 2015 1966 matris
2056 1916 2132 1983 pi]
2147 1916 2216 1966 is-

287 1988 436 2039 simae
475 1988 647 2039 officio
686 1988 782 2038 fun
796 1988 1062 2055 [gebatur.
1155 1989 1373 2039 Poterat
1425 1988 1503 2056 sa]
1519 1989 1585 2038 tis
1633 2006 1865 2055 congrue
1903 1988 2039 2038 illud
2076 1988 2221 2039 beati

287 2061 321 2111 J
326 2061 393 2111 ob
420 2060 610 2122 dicere,
641 2061 723 2111 Ab
751 2061 981 2126 infantia
1008 2078 1120 2111 mea
1143 2062 1304 2112 crevit
1332 2079 1526 2112 mecum
1553 2062 1840 2123 miseratio,
1881 2066 1931 2111 et
1970 2061 2032 2111 de
2070 2066 2218 2111 utero

288 2134 476 2184 matris
503 2151 610 2184 meo
639 2151 847 2199 effressa
883 2138 960 2184 est
994 2132 1232 2184 mecumst
1308 2134 1461 2183 Tntcr
1497 2133 1612 2184 haec
1650 2138 1918 2183 trecentos
1960 2150 2217 2199 pauperes

285 2205 343 2255 in
369 2204 573 2271 regiam
601 2205 779 2255 aulam
806 2205 1139 2256 consuetudo
1161 2211 1275 2256 erat
1300 2205 1572 2255 introduci
1589 2226 1602 2267 3
1639 2205 1832 2272 quibus
1860 2223 1952 2272 per
1978 2204 2220 2255 ordinem

288 2277 820 2340 circumsedentibus,
861 2295 983 2328 cum
1010 2295 1104 2328 rex
1133 2283 1186 2328 et
1220 2278 1406 2344 regina
1432 2277 1859 2344 ingrederentur,
1904 2295 1933 2327 a
1960 2276 2222 2327 ministris

288 2350 427 2400 ostia
454 2349 872 2412 claudebantur,
916 2350 1149 2417 exceptis
1184 2350 1329 2401 enim
1368 2349 1657 2417 capellanis
1690 2349 2009 2417 quibusdam
2039 2349 2220 2416 religi-

288 2422 394 2473 osis
416 2428 469 2472 et
491 2421 757 2488 aliquibus
778 2422 1055 2484 ministris,
1077 2422 1295 2473 illorum
1316 2423 1668 2490 eleemosynae
1690 2422 1934 2488 operibus
1963 2421 2220 2472 interesse

287 2494 426 2544 nulli
451 2494 694 2545 licuerat.
771 2495 887 2545 Rex
914 2512 976 2544 ex
1003 2513 1126 2557 una,
1149 2494 1335 2561 regina
1362 2512 1484 2545 vero
1512 2512 1574 2545 ex
1602 2495 1770 2545 altera
1795 2500 1963 2560 parte,
2005 2493 2221 2544 Christo

288 2566 347 2616 in
390 2566 713 2633 pauperibus
760 2566 1075 2628 servierunt,
1128 2585 1429 2634 magnaque
1481 2585 1603 2617 cum
1649 2566 1930 2617 devotione
1975 2566 2120 2616 cibos
2168 2572 2221 2617 et

289 2644 497 2705 potum,
538 2638 841 2705 specialiter
873 2638 940 2689 ad
979 2639 1079 2689 hoc
1117 2645 1460 2706 praeparatos,
1493 2638 1825 2689 obtulerunt.
1905 2638 2027 2690 Quo
2059 2638 2220 2700 facto,

273 2710 573 2762 -ecclesiam
597 2711 785 2777 regina
812 2710 1088 2762 consuevit
1122 2711 1343 2774 intrare,
1384 2711 1564 2777 ibique
1604 2710 1824 2778 prolixis
1862 2710 2125 2777 precibus,
2168 2716 2221 2761 et

288 2782 651 2850 lacrymarum
690 2783 997 2849 gemitibus,
1032 2783 1373 2850 semetipsam
1414 2784 1531 2834 Deo
1566 2783 1886 2833 sacrificium
1922 2783 2218 2834 immolare.

290 2854 544 2921 Exceptis
574 2854 717 2904 enim
747 2854 912 2904 Horis
940 2854 1003 2905 de
1033 2855 1232 2905 Sancta
1257 2855 1539 2916 Trinitate,
1580 2855 1645 2905 de
1688 2856 1887 2905 Sancta
1926 2855 2114 2917 Cruce,
2155 2854 2221 2906 de

295 2927 495 2977 Sancta
540 2926 735 2988 Maria,
777 2926 921 2976 intra
965 2926 1071 2977 diei
1112 2933 1165 2977 et
1209 2927 1383 2977 noctis
1429 2927 1662 2993 spatium
1711 2927 1818 2977 duo
1858 2927 1941 2977 vel
1991 2926 2096 2977 tria
2139 2926 2221 2977 his

292 2998 490 3049 sanctis
530 2998 716 3048 diebus
755 2998 1015 3049 Psalteria
1054 2995 1368 3065 complevit,-
1424 3005 1601 3065 atque,
1649 3004 1773 3050 ante
1812 2998 2040 3066 publicae
2087 2998 2221 3049 cele-

289 3070 593 3121 brationem
632 3070 836 3133 Missae,
882 3070 1117 3138 quinque
1161 3070 1245 3120 vel
1296 3089 1387 3121 sex
1438 3070 1690 3138 privatim
1736 3070 1839 3121 sibi
1884 3070 2084 3121 Missas
2129 3071 2219 3122 de-

294 3142 499 3193 cantari
524 3141 668 3193 fecit.

403 3214 505 3267 His
534 3213 776 3281 expletis,
810 3232 934 3266 cum
959 3213 1233 3264 reficiendi
1259 3220 1471 3281 tempus
1499 3214 1743 3277 instaret,
1772 3214 1965 3281 viginti
1992 3221 2222 3282 quatuor

290 3304 547 3354 pauperes
584 3292 709 3337 ante
746 3285 1095 3337 refectionem
1131 3304 1283 3336 suam
1309 3286 1426 3353 ipsa
1452 3286 1730 3338 humiliter
1755 3286 2112 3338 ministrando
2137 3305 2218 3338 re-

290 3358 435 3410 fecit.
513 3358 766 3425 Exceptis
793 3357 937 3408 enim
964 3358 1228 3421 omnibus,
1264 3377 1393 3425 quas
1421 3359 1661 3426 superius
1691 3358 1816 3421 dixi,
1850 3359 2220 3426 eleemosynis,

289 3431 447 3484 istius
487 3430 698 3481 numeri
732 3448 1007 3497 pauperes,
1050 3430 1104 3480 id
1140 3436 1220 3481 est
1255 3430 1449 3497 viginti
1490 3438 1736 3498 quatuor,
1781 3431 2036 3498 quamdiu
2071 3431 2219 3492 vixit,

289 3522 383 3574 per
416 3503 584 3555 totius
626 3503 753 3554 anni
795 3502 1054 3553 circulum
1096 3508 1519 3565 sustentaverat;
1565 3521 1697 3570 quos
1732 3504 1848 3570 ipsa
1882 3521 2220 3572 quocumque

1077 3661 1092 3688 '¹¹
1125 3662 1210 3704 Job
1232 3663 1345 3706 xxxi.
1369 3666 1433 3705 18.
