2384 4126
282 367 385 416 134,
978 383 1250 418 sYMEoms
1291 384 1547 417 Eris'roLA

277 510 515 574 functUS,
571 528 931 562 successorem
983 511 1173 562 habuit
1222 512 1529 572 Albertum,
1586 511 1677 578 qui
1729 510 1955 577 septimo
2006 509 2210 590 accepti

276 582 613 650 episcopatus
658 601 799 635 anno
836 583 901 635 ab
940 584 1181 634 Adriano
1216 602 1353 651 papa
1390 589 1667 650 acceperat
1687 583 1947 664 pallium,
1982 581 2209 649 septimo

277 665 442 706 annon
469 656 657 706 Alredi
695 656 853 723 regis
936 656 1060 709 Quo
1095 655 1344 707 videlicet
1384 655 1609 707 Alberto
1648 655 1758 723 xiiij
1790 672 1931 705 anno
1959 654 2043 704 sui
2070 671 2204 720 prae-

274 727 482 778 sulatus
508 727 758 789 obeunte,
800 727 1111 779 Eanbaldus
1147 728 1428 779 ordinatur
1452 746 1548 795 pro
1582 728 1695 790 illo,
1739 745 1879 778 anno
1907 726 2208 778 Dominicae

273 798 661 851 incarnationis
697 800 962 863 Dcc.lxxx,
1001 806 1263 868 regnante
1298 799 1613 852 Aelfwaldo.
1689 800 1853 850 Anno
1889 805 2071 849 autem
2097 799 2208 849 Do-

273 871 486 923 minicae
511 872 896 923 incarnationis
934 873 1172 940 Dcc.xcvj
1218 871 1529 923 Eanbaldus
1574 872 1676 939 xvij
1726 871 1809 922 sui
1854 870 2206 937 archiepisco-

273 949 431 1010 patus
459 962 600 995 anno
626 945 878 1007 moriens,
921 945 1151 995 alterum
1182 944 1541 1007 Eanbaldum,
1582 944 1674 1011 qui
1701 943 1943 1012 ejusdem
1969 942 2207 994 ecclesiae

272 1015 535 1082 presbiter
571 1016 766 1079 fuerat,
807 1034 1167 1067 successorem
1193 1016 1430 1083 reliquit,
1469 1022 1730 1083 regnante
1756 1033 1881 1082 rege
1908 1014 2206 1066 Eardulfo.²³

273 1087 403 1139 Post
444 1088 784 1139 Eanbaldum
810 1088 1014 1138 VVlsius
1051 1088 1190 1139 rexit
1232 1087 1763 1156 archiepiscopatum,
1803 1087 2050 1138 Eanredo
2085 1105 2204 1153 reg-

271 1165 437 1210 nante
458 1180 467 1210 :
498 1160 730 1211 moriens
754 1166 935 1210 autem
963 1159 1187 1222 Wlsius,
1209 1160 1583 1228 Wymundum
1608 1159 1798 1210 habuit
1825 1176 2203 1221 successorem,

271 1231 493 1298 praefato
519 1249 643 1298 rege
668 1238 946 1299 regnante.
1024 1232 1128 1283 Cui
1153 1231 1237 1299 xvj
1268 1231 1605 1299 episcopatus
1644 1232 1726 1282 sui
1766 1249 1906 1282 anno
1933 1231 2205 1293 morienti,

270 1303 476 1354 Wlfere
503 1304 759 1355 successit
796 1304 851 1355 in
890 1303 1424 1371 archiepiscopatum.
1505 1304 1608 1355 His
1635 1303 1966 1371 temporibus
1992 1303 2207 1354 infinita

268 1374 618 1426 barbarorum
645 1385 887 1439 1111111118,ω
926 1376 1151 1427 navibus
1178 1375 1410 1427 adducta
1435 1376 1492 1427 in
1519 1376 1793 1443 Angliam,
1832 1375 1973 1426 ferro
2000 1381 2053 1426 et
2079 1375 2205 1442 igne

269 1447 452 1498 omnia
490 1455 851 1499 vastaverunt.
931 1448 1237 1499 Eboracum
1271 1449 1488 1500 veniens
1534 1448 1879 1516 oppugnabat
1913 1447 2202 1510 civitatem,

267 1527 541 1571 vastantes
553 1522 676 1584 (Sic)
695 1521 877 1571 omnia
893 1539 987 1588 per
1004 1520 1307 1572 circuitum.
1349 1522 1519 1572 Paulo
1538 1527 1661 1572 ante
1679 1521 1968 1572 adventum
1985 1520 2203 1570 illorum

267 1591 700 1660 Northymbrani
746 1594 1061 1674 expulerant
1104 1611 1286 1660 regem
1331 1612 1508 1655 81111111,
1549 1593 1842 1644 substituto
1879 1592 1937 1642 in
1974 1610 2202 1673 regnum

267 1665 472 1728 Anna,³⁶
493 1666 724 1732 quodam
750 1666 886 1732 regii
913 1665 1131 1717 seminis
1154 1672 1422 1717 extraneo,
1491 1665 1596 1717 Sed
1623 1666 1859 1716 instante
1885 1664 2205 1716 necessitate

268 1744 654 1788 revocaverunt
681 1738 982 1805 expulsum,
1023 1744 1076 1789 et
1115 1744 1228 1789 tam
1264 1738 1354 1789 ille
1394 1756 1556 1805 quam
1584 1738 1718 1788 alius
1748 1738 1839 1805 qui
1864 1755 1961 1804 pro
1988 1755 2050 1788 eo
2077 1737 2201 1787 sub-

269 1809 492 1859 stitutus
519 1809 712 1872 fuerat,
746 1810 1025 1861 adunatis!
1064 1810 1192 1861 totis
1219 1809 1420 1861 viribus
1447 1810 2035 1891 Northanymbrorum,
2063 1809 2204 1890 apud

268 1880 574 1932 Eboracum
614 1881 757 1933 bello
795 1888 983 1933 contra
1021 1882 1200 1933 hostes
1242 1888 1481 1950 agentes,
1521 1900 1631 1933 non
1659 1882 1773 1933 sine
1801 1900 1996 1948 magna
2021 1881 2200 1931 inimi-

268 1971 455 2005 corum
495 1959 672 2035 strage
711 1954 930 2022 utrique
970 1972 1121 2022 reges
1154 1972 1288 2022 pene
1329 1971 1452 2005 cum
1480 1954 1588 2005 suis
1616 1954 1865 2005 omnibus
1891 1953 2204 2021 perierunt.²

269 2025 515 2093 Reliquis
550 2027 642 2093 qui
677 2026 1054 2094 superfuerant
1093 2027 1298 2094 Pagani
1333 2027 1688 2094 praefecerunt
1715 2026 1814 2077 sub
1840 2025 2079 2083 dominio
2106 2043 2204 2076 suo

266 2116 447 2165 regem
498 2099 817 2166 Egbertum,
871 2099 1229 2150 reconciliatis
1282 2099 1348 2150 ab
1400 2099 1475 2150 eis
1525 2098 1788 2150 hostibus.
1881 2099 2036 2149 Inter
2084 2098 2205 2148 hasa

267 2176 471 2237 strages
499 2171 756 2221 remotius
785 2189 840 2222 se
876 2171 1070 2238 agebat
1103 2171 1243 2238 apud
1278 2171 2001 2239 Hatyngham—epiSCOPUS.
2081 2170 2202 2221 Hac

265 2248 587 2310 tempestate
625 2262 812 2310 passus
842 2243 942 2294 esth
969 2249 1176 2311 martyr
1201 2243 1570 2294 Eadmundus.
1649 2244 1776 2294 Post
1804 2250 2006 2310 septem
2034 2260 2202 2293 annos

264 2315 716 2379 Northumbrani,
737 2334 847 2366 uno
868 2315 1234 2383 conspirantes
1258 2316 1501 2379 001181110,
1522 2334 1705 2383 regem
1726 2333 1883 2366 suum
1902 2314 2202 2381 Egbertum

266 2405 390 2437 cum
431 2388 679 2455 episcopo
710 2388 917 2440 Wlfere
957 2388 1022 2439 de
1062 2388 1258 2439 finibus
1296 2388 1406 2439 suis
1440 2388 1810 2456 propulerunt,
1852 2393 1906 2438 et
1934 2386 2202 2455 quendam

267 2460 489 2528 Richsig
519 2460 578 2511 in
611 2478 839 2527 regnum
876 2460 1255 2512 substituunt.⁰
1329 2460 1539 2512 Deinde
1577 2466 1699 2528 post
1735 2477 1937 2511 annum
1964 2459 2204 2526 Egberto

347 2601 365 2618 ¹⁴
396 2593 581 2645 Alcredi,
612 2593 658 2636 C.
996 2603 1013 2619 υ
1044 2593 1218 2645 Osredo,
1250 2594 1297 2636 C.
1356 2594 1491 2636 Osred
1510 2594 1609 2635 died
1627 2594 1674 2634 in
1693 2593 1788 2637 790.

347 2656 370 2673 '⁰
400 2649 446 2690 O.
474 2650 575 2690 here
606 2649 761 2690 inserts
791 2649 970 2702 Tnguar,
1000 2650 1174 2701 scilicet,
1205 2652 1248 2690 et
1274 2649 1414 2700 Ubba,
1445 2652 1489 2691 et
1509 2650 1721 2700 Haldana,
1752 2662 1852 2690 cum
1872 2647 1989 2689 omni
2009 2647 2201 2689 exercitu

264 2703 490 2745 Danorum
509 2707 553 2745 et
572 2704 917 2756 Noraganorum.
1196 2713 1216 2730 ιτ
1243 2705 1352 2755 Ella,
1384 2705 1431 2746 O.
1707 2714 1728 2739 ⁹
1758 2703 2032 2755 Coadunatis,
2062 2704 2109 2745 O.

350 2767 364 2784 ²
396 2758 443 2800 C.
465 2759 592 2799 omits
614 2760 688 2800 the
708 2760 789 2800 last
809 2773 935 2801 seven
956 2760 1105 2811 words,
1136 2760 1221 2800 and
1240 2761 1362 2801 reads
1382 2762 1493 2800 bella
1512 2760 1577 2801 for
1595 2762 1715 2801 bello.

350 2821 368 2837 ‘¹
399 2814 446 2854 G.
477 2814 598 2854 reads
627 2815 714 2855 this
744 2817 943 2856 sentence
973 2815 1103 2856 thus:
1134 2815 1299 2856 “Inter
1332 2816 1409 2856 has
1437 2818 1597 2868 strages
1623 2814 1830 2856 remotius
1856 2826 1899 2855 se
1922 2814 2074 2866 agebat
2093 2813 2203 2865 epis-

266 2881 397 2920 copus
415 2868 624 2910 Wlferius
643 2870 757 2921 apud
776 2870 1077 2922 Addingeham
1095 2870 1134 2917 3³³
1164 2871 1249 2910 and
1268 2871 1374 2911 then
1394 2870 1669 2922 interpolates
1689 2870 1763 2910 the
1783 2869 1999 2920 following
2018 2868 2201 2920 descrip-

266 2923 360 2964 tion
381 2923 427 2964 of
450 2924 525 2964 the
543 2924 685 2975 place:
716 2926 742 2943 “
755 2924 812 2965 In
843 2925 1094 2965 occidentali
1122 2928 1242 2976 parte
1267 2925 1448 2965 Eboraci
1466 2925 1514 2965 in
1533 2926 1641 2965 valle
1661 2938 1756 2977 quae
1775 2928 1953 2964 vocatur
1971 2923 2202 2964 Hwerver-

267 2979 373 3029 dale,
403 2991 529 3030 super
548 2979 685 3030 ripam
705 2979 896 3020 fluminis
915 2980 1081 3029 Hwerf,
1108 2979 1223 3020 inter
1238 2980 1448 3021 Oteleiam
1468 2982 1512 3021 et
1530 2980 1751 3021 castellum
1771 2979 1822 3020 de
1842 2978 2090 3030 Scipctun.'’

353 3034 369 3059 ὸ
400 3033 446 3075 C.
468 3034 570 3074 adds
593 3036 772 3074 Sanctus
789 3035 932 3075 before
952 3036 1141 3087 Martyr.

352 3095 366 3112 ⁶
396 3088 443 3129 O.
478 3089 554 3129 has
586 3089 936 3129 restituunt-an
970 3089 1146 3129 obvious
1181 3101 1311 3131 error.
1369 3089 1460 3130 The
1492 3089 1588 3130 date
1620 3089 1666 3129 of
1690 3089 1889 3141 Egbert’s
1924 3087 2134 3129 accession
2165 3087 2201 3128 is

267 3143 394 3196 given
414 3143 462 3183 in
482 3143 597 3184 Hist.
619 3144 670 3184 de
691 3143 832 3184 Gestis
850 3144 1037 3196 Regum,
1065 3155 1156 3185 A.D.
1178 3144 1271 3186 867.
1329 3144 1574 3196 According
1598 3146 1644 3185 to
1663 3144 1738 3185 the
1758 3157 1871 3184 same
1891 3143 2127 3196 authority,
2145 3143 2201 3184 he

268 3211 352 3239 was
383 3198 574 3250 expelled
603 3199 712 3239 after
742 3211 767 3238 a
796 3198 917 3250 reign
948 3199 995 3238 of
1020 3198 1083 3238 six
1111 3211 1247 3251 years,
1276 3200 1360 3239 and
1387 3199 1484 3239 died
1509 3200 1584 3240 the
1610 3212 1710 3251 year
1731 3199 1959 3251 following.
2018 3198 2201 3250 Ricsig's

214 3283 216 3286 ψ
269 3253 479 3295 accession
499 3253 535 3294 is
555 3253 682 3294 dated
701 3253 811 3293 from
830 3254 905 3294 the
924 3253 1146 3305 expulsion
1167 3254 1214 3294 of
1239 3254 1305 3294 his
1326 3255 1592 3306 predecessor
1611 3266 1700 3295 A.D.
1722 3254 1817 3304 872,
1838 3255 1922 3294 and
1943 3254 2063 3294 three
2081 3266 2201 3306 years

269 3321 340 3349 are
360 3308 554 3360 assigned
573 3310 619 3348 to
640 3308 705 3348 his
723 3308 860 3360 reign.
917 3307 1162 3360 According
1185 3311 1230 3349 to
1253 3309 1327 3349 the
1346 3309 1458 3349 little
1477 3309 1693 3350 chronicle
1712 3309 1996 3361 interpolated
2014 3309 2108 3349 into
2126 3309 2202 3350 the

270 3364 525 3415 Cambridge
554 3363 649 3404 MS.
682 3362 729 3403 of
752 3363 826 3403 the
858 3362 1040 3415 History
1071 3364 1117 3403 of
1142 3364 1216 3404 the
1246 3363 1422 3405 Ohurch
1449 3364 1496 3405 of
1519 3365 1729 3416 Durham,
1758 3364 1923 3417 Egbert
1942 3364 2118 3416 reigned
2138 3361 2202 3404 six

267 3432 401 3472 yearS,
431 3418 580 3470 Ricsig
609 3421 707 3468 two,
746 3418 830 3457 and
859 3430 884 3457 a
916 3418 1070 3458 second
1100 3418 1265 3470 Egbert
1296 3421 1381 3459 two
1411 3432 1533 3471 years
1566 3419 1651 3472 (see
1681 3420 1924 3472 AppendiX,
1958 3417 2040 3460 No.
2073 3419 2126 3469 Ι.,
2156 3420 2202 3458 to

268 3475 357 3515 this
376 3473 578 3526 volume).
636 3472 880 3525 According
909 3475 955 3513 to
987 3473 1103 3514 Hist.
1136 3475 1188 3514 de
1215 3474 1356 3514 Gestis
1386 3474 1571 3526 Regum,
1601 3476 1808 3525 however,
1837 3475 2000 3526 Egbert
2027 3474 2091 3515 Π.
2119 3486 2203 3513 was

269 3530 357 3570 still
382 3529 584 3582 reigning
610 3541 709 3569 over
734 3527 1146 3579 Northumberland,
1173 3529 1342 3581 beyond
1364 3530 1438 3570 the
1466 3530 1599 3582 Tyne,
1623 3531 1747 3571 when
1772 3530 1970 3571 Guthred
1999 3529 2204 3569 ascended

269 3585 345 3625 the
375 3585 531 3625 throne
564 3584 612 3625 of
637 3583 852 3625 Southern
879 3583 1279 3625 Northumberland
1310 3587 1354 3625 at
1379 3585 1500 3625 York
1519 3596 1609 3627 ΑΛ).
1630 3588 1726 3636 833,
1756 3585 1876 3637 eight
1896 3598 1943 3626 or
1962 3584 2063 3625 nine
2082 3596 2203 3635 years

270 3641 379 3680 after
398 3641 473 3681 the
493 3640 620 3681 death
641 3640 688 3680 of
712 3638 873 3691 Ricsig.
932 3638 1116 3690 Symeon
1137 3640 1235 3680 does
1255 3643 1331 3680 not
1353 3640 1491 3681 notice
1512 3641 1598 3681 this
1618 3642 1770 3682 second
1793 3641 1970 3693 Egbert,
1999 3639 2137 3680 either
2156 3638 2202 3678 in

270 3695 346 3735 the
365 3698 536 3747 present
555 3695 672 3736 work
693 3708 740 3736 or
758 3693 804 3734 in
826 3695 899 3735 the
920 3694 1103 3748 History
1124 3695 1169 3735 of
1194 3695 1268 3735 the
1289 3695 1463 3736 Church
1485 3697 1530 3736 of
1556 3696 1765 3736 Durham.
