2384 4126
762 418 1031 451 HISTORIAE
1071 417 1454 451 CONTINUArlo.
1971 404 1996 451 1
2008 403 2032 451 1
2044 404 2069 451 1

147 550 285 601 sedis
336 547 649 615 Apostolicoe
701 545 1082 612 confirmamus,
1176 546 1235 595 Si
1287 546 1404 612 quis
1463 562 1585 611 erqo
1636 544 1931 595 vendiderit
1983 551 2075 597 aut

150 621 345 683 emerit,
385 621 466 670 vel
494 636 596 684 per
620 635 675 669 se
699 620 781 669 vel
809 635 912 684 per
939 617 1219 684 quamlibet
1256 617 1563 668 submissam
1595 633 1899 682 personam,
1939 617 2073 681 epis-

148 698 403 759 copatum,
433 691 714 753 abbatiam,
738 690 1064 752 decanatum,
1093 689 1599 750 archidiaconatum,
1629 688 2072 755 presbyteratum,

137 764 561 830 proeposituram‚
615 762 970 828 praebendam,
1030 762 1246 823 altaria,
1300 762 1383 812 vel
1431 761 1669 827 quaelibet
1719 760 2076 811 ecclesiastica

148 835 411 901 beneficia,
481 835 852 901 promotiones,
927 833 1299 895 ordinationes,
1366 833 1796 894 consecrationes,
1864 832 2074 882 dedica-

148 909 312 959 tiones
352 907 703 968 ecclesiarum,
761 906 1053 956 clericalem
1105 911 1391 967 tonsuram,
1447 905 1596 955 sedes
1645 905 1700 955 in
1752 905 1927 965 chor0,
1984 909 2077 954 aut

148 980 381 1045 quaelibet
421 978 776 1029 ecclesiastica
815 977 1004 1046 officia,
1045 983 1095 1028 et
1135 977 1359 1028 vendens
1401 982 1451 1028 et
1492 994 1661 1027 emens
1701 976 1980 1043 divnitatis
2024 981 2075 1027 et

148 1052 302 1120 officii
342 1051 424 1101 sui
467 1068 529 1101 ac
571 1048 802 1115 beneficii
831 1050 1070 1116 periculo
1106 1050 1391 1116 subjaceat.
1475 1049 1625 1107 Quod
1648 1049 1752 1099 nisi
1778 1048 2074 1113 resipuerit,

147 1123 495 1174 anathematis
520 1139 761 1173 mucrone
794 1121 1067 1188 perfossus
1094 1122 1158 1172 ab
1186 1122 1404 1172 ecclesia
1440 1122 1541 1171 Dei
1569 1139 1724 1187 quam
1751 1121 1883 1171 Zcesit
1908 1120 2076 1170 modis
2112 1186 2115 1189 Ι

147 1196 377 1246 omnibus
404 1195 726 1245 abscidatur.

253 1267 683 1332 Episcopatuum,
726 1266 1056 1316 abbatiarum
1098 1270 1189 1315 aut
1229 1265 1574 1332 quarumlibet
1602 1265 2074 1316 ecclesiasticarum

141 1340 521 1405 possessionum
548 1339 911 1389 investituram
940 1355 1043 1403 per
1080 1355 1287 1388 manum
1316 1338 1505 1388 laicam
1539 1335 1666 1402 fieri
1696 1337 1912 1403 penitus
1941 1354 2071 1403 pro-

144 1412 391 1461 hibemus.
477 1411 774 1476 Quicunque
794 1410 959 1476 iyitur
981 1410 1233 1460 laicorum
1256 1409 1496 1475 deinceps
1521 1410 1768 1460 investire
1783 1425 2073 1475 praesump-

145 1484 290 1544 serit,
326 1483 678 1533 anathematis
703 1482 890 1532 ultioni
915 1482 1201 1547 subjaceat.
1279 1483 1450 1532 Porro
1479 1481 1567 1547 qui
1593 1482 1868 1532 investitus
1881 1479 2071 1545 fuerit,

145 1556 336 1605 honore
377 1571 474 1621 quo
516 1554 791 1605 investitus
832 1559 909 1604 est
955 1554 1148 1620 absque
1186 1571 1274 1619 spe
1314 1554 1729 1619 recuperationis
1767 1553 2075 1604 omnimodis

146 1632 342 1677 careat.

261 1697 540 1749 Universas
583 1698 916 1748 ecclesiarum
957 1697 1312 1762 possessiones
1354 1713 1464 1763 quoe
1515 1696 1834 1746 liberalitate
1875 1712 2069 1762 reyum,

145 1770 424 1836 laryitione
459 1770 773 1836 principum,
813 1770 895 1819 vel
919 1768 1177 1819 oblatione
1210 1769 1552 1837 quorumlibet
1582 1767 1824 1833 fidelium
1851 1768 1925 1818 eis
1953 1785 2071 1818 con-

144 1858 296 1892 cessoe
339 1846 475 1904 sunt,
515 1842 852 1892 inconcussas
886 1841 1242 1906 inperpetuum
1278 1846 1329 1891 et
1361 1840 1646 1891 inviolatas
1686 1857 1795 1890 esse
1838 1840 2070 1890 decerni-

142 1930 271 1964 mus.
355 1913 506 1972 Quod
542 1914 588 1964 si
615 1913 730 1978 quis
766 1929 855 1963 eas
901 1913 1192 1974 abstulerit,
1234 1918 1326 1964 aut
1369 1913 1639 1975 invaserit,
1682 1918 1774 1962 aut
1807 1917 2074 1977 potestate

142 1986 421 2051 tyrannica
450 1985 749 2047 detinuerit,
773 1985 940 2050 jua‘ta
966 1985 1102 2035 illud
1135 1984 1273 2035 beati
1302 1985 1602 2051 Symmachi
1630 1985 1915 2051 capitulum
1942 2001 2070 2034 ana-

142 2059 367 2109 themate
396 2062 650 2123 perpetuo
679 2055 934 2122 feriatur.

248 2130 441 2180 Nullus
484 2130 770 2195 episcopus,
811 2130 982 2180 nullus
1013 2129 1310 2195 presbyter,
1351 2131 1523 2180 nullus
1568 2129 1773 2179 omnino
1826 2128 1888 2178 de
1934 2129 2070 2179 clero

140 2202 524 2252 ecclesiasticas
565 2201 869 2268 diynitates,
922 2202 1004 2252 vel
1046 2200 1310 2266 beneficia,
1367 2201 1595 2262 cuilibet,
1653 2206 1704 2251 et
1755 2200 1907 2265 quasi
1942 2201 2071 2266 jure

140 2274 491 2336 hoereditariO,
532 2274 875 2339 derelinquat.
969 2273 1111 2323 Illud
1158 2273 1316 2323 etiam
1367 2273 1675 2339 adjicientes
1714 2272 2068 2338 proecipimuS,

138 2351 197 2396 ut
228 2363 331 2411 pro
371 2345 720 2411 baptismatis,
762 2345 1044 2406 crismatis,
1085 2345 1183 2395 olei
1221 2345 1365 2395 sacri
1392 2350 1441 2395 et
1466 2345 1744 2409 sepultura>
1772 2344 2070 2409 acceptione

140 2423 191 2468 et
230 2416 554 2481 infirmorum
598 2417 899 2467 visitatione
942 2417 1024 2467 vel
1065 2416 1306 2467 unctione
1349 2417 1545 2466 nullum
1591 2416 1794 2466 omnino
1836 2416 2070 2481 pretium

141 2489 402 2555 ea’iyatur.

250 2560 598 2627 Presbyteris‚
652 2560 972 2622 diaconibus,
1020 2565 1071 2610 et
1110 2560 1513 2611 subdiaconibus
1565 2560 1967 2610 concubinarum
2019 2565 2070 2611 et

139 2650 361 2683 ua’orum
390 2633 723 2683 contubernia
755 2648 979 2697 prorsus
1005 2632 1383 2683 interdicimus.
1464 2632 1522 2681 Si
1558 2632 1646 2698 qui
1685 2637 1856 2682 autem
1889 2632 2064 2697 hujus-

141 2705 280 2755 modi
319 2705 515 2770 reperti
546 2704 772 2769 fuerint,
813 2704 1182 2755 ecclesiasticis
1223 2710 1273 2755 et
1308 2704 1490 2772 officiis
1519 2704 1800 2769 priventur
1838 2708 1887 2753 et
1922 2704 2068 2754 bene-

132 2776 290 2842 ficiis.
359 2777 496 2827 Sane
521 2777 568 2826 si
594 2793 754 2842 neque
774 2776 1158 2827 immunditiam
1178 2793 1325 2827 suam
1348 2777 1691 2839 correa’erint,
1721 2777 2071 2826 communione

142 2854 358 2899 careant
391 2849 733 2899 Christiana.²

251 2920 385 2971 Haec
427 2919 639 2970 concilii
684 2919 896 2970 decreta
939 2919 1249 2987 imperatori
1295 2919 1551 2982 HenricO,
1592 2937 1715 2971 cum
1756 2937 1867 2969 non
1907 2919 2067 2986 longe

141 2992 349 3043 abesset
375 3010 439 3043 ex
466 2991 710 3054 concilio,
748 2991 982 3059 primum
1007 3010 1102 3058 per
1127 2992 1379 3042 honestas
1412 3009 1680 3059 personas,
1721 2992 1788 3042 ad
1812 2991 2068 3042 ultimum

139 3082 234 3131 per
266 3064 442 3131 ipsum
480 3063 854 3131 Apostolicum
879 3064 1222 3126 mandantur,
1262 3070 1323 3114 ut
1358 3070 1482 3114 ante
1509 3064 1899 3131 separationem
1926 3064 2067 3114 Con-

142 3136 251 3186 cilii
271 3142 460 3186 notum
481 3142 638 3198 esset,
660 3142 844 3186 utrum
865 3136 1103 3187 ecclesiis
1128 3154 1223 3203 per
1248 3154 1475 3203 regnum
1496 3142 1549 3187 et
1570 3136 1808 3203 singulas
1831 3154 2068 3203 quasque

142 3207 241 3258 sibi
269 3208 533 3275 subjectas
569 3208 867 3275 provincias
896 3208 1197 3259 consentiat
1234 3208 1532 3259 Canonicas
1563 3208 1885 3271 ElectioneS,
1924 3208 2067 3258 vide-

140 3279 285 3341 licet,
338 3285 400 3329 ut
440 3280 673 3347 episcopi
717 3285 771 3331 et
813 3279 1033 3331 abbates
1075 3280 1346 3347 eligantur
1387 3280 1453 3331 ab
1498 3279 1737 3343 ecclesia,
1779 3285 1832 3331 et
1876 3280 2067 3330 liberas

144 3351 586 3414 consecrationes,
613 3358 693 3413 ut,
721 3351 832 3414 ubi,
855 3357 908 3402 et
936 3370 966 3402 a
993 3352 1186 3419 quibus
1207 3358 1451 3420 oporteat
1473 3352 1630 3403 electi
1656 3357 2067 3414 consecrentur,

144 3428 198 3472 et
219 3422 602 3473 Investituram
618 3423 999 3486 Ecclesiarum,
1021 3429 1082 3474 ut
1101 3442 1195 3491 per
1214 3424 1589 3475 investituram
1609 3423 1887 3491 pastoralis
1906 3423 2068 3488 virgae

226 3554 241 3570 ²
271 3546 482 3587 Baronius
514 3547 628 3599 gives
658 3548 777 3589 these
807 3549 973 3589 decrees
1009 3549 1118 3590 from
1148 3549 1293 3602 Roger
1323 3549 1545 3590 Hoveden.
1605 3549 1651 3589 It
1678 3549 1713 3589 is
1733 3562 1758 3589 a
1776 3548 1966 3600 singular
1987 3547 2071 3587 fact

142 3601 238 3641 that
268 3601 342 3641 the
374 3601 537 3653 foreign
566 3603 726 3643 ohurch
756 3604 983 3644 historians
1009 3604 1162 3645 should
1191 3605 1296 3645 have
1316 3617 1434 3645 come
1453 3607 1498 3644 to
1517 3605 1592 3645 the
1611 3604 1793 3654 English
1813 3602 2068 3643 chroniclers

144 3656 281 3761 frogpsg)S
292 3668 424 3708 many
443 3657 489 3696 of
513 3656 587 3697 the
618 3658 783 3698 decrees
803 3659 849 3698 of
873 3659 986 3699 their
1006 3672 1100 3699 own
1121 3660 1321 3709 councils,
1352 3672 1395 3699 as
1421 3660 1513 3699 well
1534 3672 1577 3699 as
1604 3660 1668 3698 for
1687 3658 1760 3698 the
1789 3657 1898 3697 bulls
1928 3657 1975 3696 of
1997 3656 2072 3696 the
