2384 4126
802 387 1065 420 LIBELLUS
1106 386 1332 420 INCERTI
1373 386 1527 420 AUCT.
2017 375 2118 423 211

204 513 315 576 red,
343 512 484 564 filius
504 512 826 564 Ethelwoldi
852 512 1010 576 Moll,
1031 512 1274 580 regnavit
1294 531 1326 563 v
1347 512 1540 563 annis,⁶
1605 513 1728 566 Quo
1755 513 1946 565 dehinc
1972 515 2126 581 pulso

206 585 263 635 in
299 585 534 648 exilium,
570 585 711 635 filius
754 585 943 647 Osulfi,
980 584 1250 651 quondam
1288 584 1445 651 regiS,
1489 585 1797 652 supradicti,
1839 592 2124 653 paternum

204 657 405 724 recepit
445 675 670 723 regnum
713 657 1045 707 Elfwoldus.⁶
1121 656 1281 709 Quod
1321 674 1414 722 per
1454 674 1486 706 x
1519 675 1685 707 annos
1721 663 1911 708 tenens
1946 658 2030 724 pie
2066 677 2125 709 ac

203 729 469 796 religiose,
488 729 631 779 facta
651 747 681 779 a
701 728 810 779 suis
832 728 1199 796 conjuratione
1221 728 1482 779 occiditur
1501 728 1559 778 in
1582 729 1960 780 Scidescestre‘l
1970 730 2126 796 juxta

205 800 429 851 Murum
445 822 460 863 3
503 801 595 851 sed
630 800 870 867 sepultus
906 806 986 851 est
1016 799 1306 851 honorifice
1337 800 1395 850 in
1426 800 1648 851 ecclesia
1681 801 1867 851 Sancti
1892 801 2124 853 Andreae

203 872 261 922 in
285 872 790 939 Hagusteldesham.
855 873 924 922 In
943 872 1060 923 loco
1079 889 1203 923 vero
1224 872 1318 922 ubi
1343 872 1657 923 interfectus
1686 879 1784 935 est,
1806 873 1898 923 lux
1919 873 2125 924 caelitus

205 945 397 995 emissa
415 944 582 995 videri
608 944 799 1012 saepius
824 943 1036 995 dicitur.
1114 944 1181 994 In
1209 945 1361 1012 cujus
1386 944 1564 995 locum
1585 945 1842 996 successit
1869 945 2123 1007 Osredus,

205 1016 345 1067 filius
385 1016 640 1068 Alchredi
680 1016 822 1083 regis
863 1015 1171 1083 supradicti,
1212 1034 1442 1083 regnans
1483 1034 1592 1067 uno
1634 1035 1790 1067 anno.
1870 1017 1992 1070 Quo
2033 1035 2127 1084 per

205 1088 388 1139 dolum
444 1087 745 1150 interfectO,
795 1087 1167 1151 EathelredUS,
1218 1087 1282 1139 de
1338 1106 1444 1155 quo
1495 1089 1859 1156 supradictum
1911 1095 2009 1152 est,
2060 1089 2126 1140 de

209 1161 367 1212 exilio
406 1160 617 1211 rediens
651 1160 852 1227 recepit
890 1178 1135 1227 regnum,
1180 1160 1323 1226 quod
1358 1161 1472 1227 jam
1508 1161 1742 1212 secunda
1771 1161 1885 1212 vice
1920 1179 2015 1228 per
2052 1161 2120 1229 vij

207 1233 383 1283 tenuit
435 1250 619 1283 annos,
723 1231 845 1285 Quo
891 1232 1031 1298 apud
1077 1232 1435 1299 Corebryggess
1480 1233 1672 1296 occiso,
1720 1232 1988 1284 Osbaldus
2032 1251 2126 1301 per

207 1304 343 1371 xxvij
390 1304 502 1355 dies
542 1304 802 1371 regnavit.
879 1304 985 1354 Illo
1024 1321 1147 1355 vero
1188 1304 1425 1371 projecto
1466 1310 1518 1355 et
1562 1305 1620 1355 in
1661 1305 1880 1356 exilium
1919 1305 2124 1372 fugato,

207 1376 515 1438 Eardulfus,
551 1394 614 1427 ex
650 1376 850 1427 semine
890 1376 1054 1442 regio,
1088 1375 1153 1427 de
1186 1376 1395 1427 Comite
1437 1376 1745 1443 provehitur
1783 1377 1840 1426 in
1879 1394 2124 1444 regnum,

206 1448 348 1515 quod
373 1466 467 1515 per
492 1467 526 1498 x
553 1465 718 1498 annos
746 1446 969 1499 tenuit.f
1037 1447 1139 1499 Cui
1165 1447 1421 1499 successit
1445 1448 1738 1500 Elfwoldus
1766 1449 2060 1512 Secundus,
2087 1449 2122 1517 ij

208 1520 379 1571 annis.
480 1520 609 1571 Post
649 1538 807 1587 quem
848 1519 1128 1571 Eanredus
1168 1519 1413 1586 regnavit
1454 1520 1596 1587 xxxij
1643 1520 1812 1571 annis.
1916 1521 2126 1572 Deinde

207 1592 561 1643 Eathelredus
596 1591 841 1658 regnavit
881 1591 934 1642 ix
977 1591 1145 1642 annis.
1223 1592 1354 1642 Post
1380 1591 1524 1642 hunc
1552 1592 1804 1655 Osberht,
1832 1592 1921 1661 xiij
1954 1593 2124 1644 annis.

209 1664 387 1716 Quem
445 1663 981 1731 Northhymbrorum
1042 1663 1271 1730 populus
1328 1663 1531 1730 pellens
1580 1665 1646 1714 de
1695 1682 1880 1731 regno,
1930 1665 2125 1728 Ellam,

207 1736 461 1799 alienum,
501 1735 636 1803 regii
662 1735 898 1798 seminiS,
938 1734 995 1784 in
1026 1736 1140 1803 ejus
1172 1735 1352 1786 locum
1387 1735 1737 1786 substituunt.
1817 1736 1921 1787 Sed
1957 1737 2128 1787 Danis

207 1826 270 1859 eo
312 1814 552 1875 tempore
595 1807 898 1858 Eboracum
937 1806 1361 1874 irrumpentibus
1404 1807 1694 1858 necessitas
1738 1807 1866 1858 fecit
1911 1825 2127 1859 concor-

207 1880 350 1931 diam
390 1898 595 1947 regum.
675 1880 919 1946 Uterque
956 1879 1099 1930 enim
1134 1897 1244 1942 rex,
1282 1879 1528 1929 adunatis
1559 1879 1779 1942 viribus,
1822 1879 2128 1931 Eboracum

205 1952 455 2003 tendunt.
530 1953 603 2002 Et
636 1950 810 2018 primo
846 1950 1061 2017 quidem
1094 1950 1152 2000 in
1186 1950 1370 2017 fugam
1402 1957 1618 2002 vertunt
1653 1951 1851 2016 hostes,
1897 1953 2126 2019 compel-

205 2024 365 2075 lendo
405 2024 463 2074 in
505 2023 778 2074 civitatem
817 2023 955 2074 illos.
1035 2023 1158 2075 Quo
1194 2040 1315 2073 cum
1351 2023 1470 2074 illos
1498 2023 1926 2090 insequerentur,
1955 2024 2126 2075 Danis

208 2096 460 2148 atrociter
479 2095 923 2163 repugnantibus,
952 2095 1073 2146 caesi
1100 2100 1225 2145 sunt
1253 2094 1408 2145 ambo
1435 2113 1587 2162 reges
1609 2113 1730 2146 cum
1753 2114 1848 2147 suo
1869 2096 2122 2147 exercitu.

209 2169 313 2219 His
339 2168 430 2235 qui
456 2168 826 2235 superfuerant
851 2166 1236 2234 Northymbris
1264 2166 1618 2233 praefecerunt
1640 2167 1784 2218 Dani
1809 2167 2125 2234 Egbertum,

208 2241 301 2307 qui
320 2240 563 2307 regnavit
582 2258 615 2290 v
635 2239 804 2289 annis,
871 2238 1080 2289 Deinde
1102 2238 1289 2289 Richsi
1308 2238 1343 2306 ij
1370 2239 1540 2289 annis.
1606 2240 1736 2290 Post
1757 2239 1901 2290 hunc
1922 2240 2125 2306 Egber-

207 2319 295 2362 tus
340 2312 375 2381 ij
425 2311 594 2362 annis·
695 2310 906 2362 Deinde
952 2309 1281 2372 Guthredus,
1328 2328 1506 2377 quem,
1555 2311 1893 2362 Hardecnuti
1936 2311 2125 2374 filium,

208 2384 416 2451 regium
436 2401 679 2451 puerum,
705 2381 1056 2433 vendiderant
1076 2381 1132 2431 in
1154 2399 1381 2444 servum,
1418 2382 1510 2432 sed
1537 2382 1767 2433 Sanctus
1797 2383 2127 2434 Cuthbertus

209 2456 353 2507 hunc
394 2473 457 2507 ex
499 2454 713 2506 servitio
753 2453 1019 2521 promovit
1059 2453 1117 2503 in
1157 2471 1402 2519 regnum.
1481 2454 1748 2520 Regnavit
1791 2460 1971 2505 autem
2013 2454 2123 2522 xiiij

209 2528 379 2579 annis.
456 2527 586 2578 Post
611 2527 755 2577 hunc
783 2525 1078 2577 Sichtricus
1108 2543 1171 2576 ex
1197 2525 1406 2576 Danico
1433 2543 1643 2592 genere.
1724 2526 1870 2577 Huic
1905 2527 2124 2577 Eathel-

209 2607 392 2650 stanus
433 2616 543 2661 rex,
584 2597 875 2649 monarcha
900 2597 1067 2649 totius
1092 2597 1323 2664 Angliae,
1364 2597 1614 2664 regnanti
1650 2597 1748 2648 sub
1781 2616 1854 2661 se,
1892 2615 2127 2649 sororem

208 2690 359 2722 suam
400 2670 619 2722 dederat
659 2686 896 2720 uxorem.
999 2669 1102 2721 Cui
1141 2669 1412 2731 defuncto,
1456 2669 1599 2719 filius
1651 2687 1778 2720 suus
1829 2669 2127 2720 Guthferth

209 2743 477 2794 successit.
558 2742 698 2804 QUO,
726 2741 1128 2804 EathelstanUS,
1162 2740 1380 2807 expulso
1416 2740 1481 2792 de
1521 2759 1705 2808 regnO,
1748 2741 1850 2792 sibi
1877 2741 2127 2809 deinceps

206 2815 432 2866 retinuit
471 2813 938 2882 Northymbriam.
1018 2813 1125 2864 Sed
1168 2818 1286 2879 post
1336 2812 1751 2863 Eathelstanum
1801 2813 1966 2864 fratre
2012 2815 2127 2881 ejus

207 2886 528 2939 Eadmundo
549 2891 825 2953 regnante,
847 2884 1358 2952 NorthymbrenseS,
1387 2890 1768 2952 postponentes
1787 2886 1946 2937 fidem
1968 2904 2129 2952 quam

207 2958 526 3011 Eadmundo
571 2958 897 3025 juraverant,
940 2957 1228 3018 Onlavum,
1270 2974 1451 3023 regem
1500 2957 1983 3021 Normannorumst
2026 2957 2129 3008 sibi

291 3143 307 3168 ὂ
338 3143 380 3183 vi
399 3142 535 3193 annis,
566 3142 660 3184 MS.
683 3141 925 3194 Magdalen.

290 3205 305 3222 ⁰
334 3200 401 3238 De
422 3200 576 3238 Sancto
596 3211 690 3249 rege
707 3198 936 3249 Effwoldo,
967 3194 1068 3236 Ms..
1082 3194 1287 3245 Caligula,
1307 3194 1353 3234 in
1373 3193 1577 3244 margine.

290 3252 310 3276 ‘¹
337 3252 531 3293 Written
550 3264 666 3292 more
686 3251 891 3304 correctly
911 3250 1252 3291 Scithlesceastre
1272 3249 1318 3288 in
1338 3249 1411 3289 the
1432 3248 1662 3300 Magdalen
1683 3248 1776 3289 MS.

291 3313 306 3330 ε
336 3307 587 3358 Correbrige
606 3306 653 3347 in
672 3306 747 3346 the
765 3305 997 3358 Magdalen
1020 3304 1114 3345 MS.
1133 3320 1144 3355 3
1174 3303 1421 3355 Corbridge,
1450 3304 1622 3344 written
1648 3303 1695 3343 in
1715 3316 1740 3342 a
1759 3304 2004 3344 contracted
2024 3304 2133 3344 form

209 3363 343 3403 Cobre
363 3361 410 3401 in
429 3361 504 3402 the
524 3362 723 3401 Historia
743 3362 793 3400 de
818 3361 957 3400 Gestis
975 3362 1142 3412 Reywm.

284 3416 310 3448 s
334 3416 406 3468 Up
440 3418 486 3456 to
516 3415 604 3455 this
633 3415 756 3466 point
782 3415 856 3455 the
883 3415 952 3455 old
975 3413 1191 3454 chroniele
1210 3413 1257 3453 in
1276 3413 1350 3453 the
1370 3412 1566 3453 Historia
1585 3412 1636 3452 de
1653 3412 1797 3453 Gestis
1816 3412 1988 3464 Regum
2007 3411 2042 3452 is
2062 3413 2137 3451 the

208 3471 429 3523 authority
456 3470 660 3519 followed,
688 3471 769 3510 but
801 3469 836 3509 it
866 3469 1015 3509 breaks
1046 3469 1108 3509 off
1130 3468 1176 3508 in
1208 3468 1282 3508 the
1314 3467 1509 3507 Historia
1541 3467 1588 3507 in
1621 3467 1696 3507 the
1726 3466 1847 3518 reign
1874 3467 1921 3506 of
1945 3466 2136 3507 Eardulf.

209 3527 300 3566 The
330 3526 486 3565 author
515 3525 561 3564 of
585 3525 659 3564 the
687 3525 857 3575 present
878 3524 993 3564 work
1014 3536 1145 3563 seems
1165 3525 1211 3563 to
1230 3523 1336 3562 have
1355 3522 1568 3573 possessed
1588 3534 1612 3561 a
1630 3533 1746 3561 more
1766 3521 1926 3571 perfect
1944 3533 2064 3573 copy,
2094 3533 2138 3559 as

209 3582 262 3621 he
282 3580 434 3621 carries
454 3593 509 3620 on
529 3579 596 3619 his
616 3578 830 3618 narrative
852 3578 1033 3618 without
1053 3577 1356 3628 interruption,
1386 3577 1469 3616 and
1496 3577 1611 3628 gives
1630 3575 1905 3615 information
1926 3576 2065 3615 which
2086 3576 2139 3615 he

208 3636 333 3676 could
353 3637 443 3685 not,
473 3647 518 3674 so
539 3634 601 3674 far
620 3647 664 3673 as
687 3646 745 3673 we
765 3645 835 3672 are
855 3644 1003 3681 aware,
1033 3632 1140 3672 have
1160 3631 1358 3672 obtained
1380 3631 1487 3670 from
1507 3643 1591 3681 any
1612 3630 1734 3670 other
1753 3642 1911 3669 source.

289 3699 312 3723 g
343 3692 459 3730 Nota
483 3691 816 3729 Nomnannorum
837 3687 881 3727 in
902 3686 1106 3737 margine.
1156 3685 1249 3727 MS.
1271 3685 1475 3735 Caligula.

1760 3756 1788 3787 P
1807 3741 1847 3789 *2
