2384 4126
693 375 968 409 EXCERPTA
1010 374 1038 407 Ε
1081 372 1320 406 sommus
1360 372 1614 405 ‘rone-ori.
1998 354 2104 403 263

183 502 504 564 transduxit,
543 507 597 552 et
624 519 713 552 cos
743 519 837 569 per
875 507 1129 567 cognatos
1157 505 1210 549 et
1238 497 1497 564 cognitos,
1538 514 1647 546 non
1674 495 1971 556 manifeste,
2012 494 2106 545 sed

185 575 335 641 quasi
375 575 432 624 in
472 574 700 636 occulto,
727 572 1042 624 nutriendos
1079 570 1382 622 destinavit.
1459 568 1662 618 Timuit
1692 567 1836 617 enim
1870 585 1937 616 ne
1962 567 2104 616 Nor-

184 646 385 708 manni,
436 646 527 712 qui
567 653 698 695 tunc
742 645 997 712 temporis
1040 643 1295 709 Angliam
1335 641 1657 701 invaserant,
1713 639 1814 689 sibi
1862 638 1945 688 vel
1996 637 2103 687 suis

183 718 385 768 malum
409 718 743 780 molirentur,
784 734 845 767 eo
873 715 1015 783 quod
1039 715 1252 781 Angliae
1281 731 1508 779 regnum
1535 711 1610 762 eis
1634 711 1951 761 haereditaro
1983 711 2105 777 jure

184 789 491 840 debebatur.
568 791 639 839 Et
664 789 790 839 licet
815 788 1033 850 ibidem,
1067 786 1217 854 quasi
1243 791 1462 847 secreto,
1502 790 1740 850 tempore
1768 800 1927 849 parvo
1953 799 2103 831 man-

185 861 357 923 sisset,
396 867 578 912 tamen
613 860 946 926 divulgatum
984 864 1064 910 est
1103 858 1242 925 apud
1281 875 1462 923 regem
1503 856 1644 922 quod
1681 855 1796 922 ejus
1835 853 2106 903 assisteret

182 933 460 984 traditioni
484 954 493 984 ε
535 933 732 1000 sicque,
773 931 915 999 quod
939 930 1238 992 verebatur,
1266 928 1459 979 accidit
1488 928 1546 977 in
1571 927 1715 977 hunc
1741 925 1977 977 modum.

1060 1257 1226 1308 VIII.

294 1397 518 1448 Eodem0
558 1402 814 1462 tempore,
854 1399 1113 1460 regnante
1148 1392 1423 1443 VVillelmo
1461 1391 1558 1453 II„
1598 1391 1750 1441 miles
1792 1390 2007 1457 quidam
2046 1390 2110 1440 de

186 1487 377 1537 genere
427 1468 675 1535 Anglico,
735 1467 974 1532 Orgarus
1024 1464 1258 1526 nomine,
1322 1469 1535 1530 gratum
1587 1463 1835 1514 exhibere
1886 1481 1941 1513 se
1996 1462 2112 1528 regi

184 1543 380 1603 volens,
422 1540 687 1601 convenit,
721 1537 1054 1589 calumnians
1075 1537 1302 1587 eundem
1329 1535 1602 1597 clitonem,
1629 1534 1955 1600 Eadgarum,
1992 1534 2089 1584 viz.
2097 1573 2111 1595 ,

186 1631 379 1680 genere
406 1612 712 1679 gloriosum,
744 1628 871 1660 nam
898 1609 972 1660 sic
997 1608 1172 1676 ipsum
1199 1607 1568 1668 nominabant,
1597 1607 1662 1657 de
1688 1606 1827 1672 regis
1850 1606 2112 1656 Willelmi

184 1685 426 1752 praedicti
491 1683 796 1734 traditione.
893 1681 1067 1731 Causa
1133 1686 1313 1730 autem
1379 1696 1556 1729 coram
1614 1696 1738 1744 rege
1795 1696 1954 1744 super
2011 1678 2113 1727 hoc

184 1758 407 1824 prolata,
462 1756 586 1822 quia
629 1754 905 1820 Eadgarus
957 1752 1021 1802 de
1061 1752 1209 1818 regia
1253 1751 1417 1817 stirpe
1458 1751 1632 1800 :fuerat
1682 1749 2012 1816 progenitus,
2059 1755 2112 1799 et

184 1846 367 1895 regno,
408 1829 529 1895 jure
574 1826 821 1893 Anglico,
862 1824 1164 1891 proximus,
1221 1841 1335 1873 rem
1380 1840 1595 1872 causam
1641 1839 1754 1872 esse
1799 1839 1996 1883 veram,
2051 1827 2112 1871 ut

186 1900 287 1950 sibi
337 1905 671 1967 praecaveret,
713 1903 1014 1957 autumans,
1056 1901 1327 1946 auctorem
1378 1894 1429 1944 Vi
1480 1900 1533 1944 et
1584 1893 1913 1960 protectione
1963 1893 2113 1959 regia

185 1972 466 2022 tuebatur:
508 1988 606 2021 nec
646 1970 850 2020 incerta
885 1968 949 2018 de
990 1968 1236 2034 Eadgaro
1273 1968 1386 2034 jam
1426 1971 1638 2033 poterat
1674 1983 1785 2016 esse
1825 1965 2111 2027 sententia,

187 2044 230 2094 si
272 2044 475 2094 crimen
518 2042 831 2109 impositum
874 2039 1088 2107 probari
1125 2039 1403 2106 potuisset.
1485 2037 1631 2087 Hinc
1672 2037 1857 2087 anxius
1891 2037 2113 2087 effectus

186 2116 463 2182 Eadgarus
495 2114 653 2181 coepit
693 2112 1004 2179 diligentius
1040 2111 1324 2177 inquirere,
1366 2110 1410 2160 si
1437 2110 1553 2175 quis
1583 2109 1663 2159 vel
1689 2109 1848 2159 verbo
1874 2109 1958 2159 vel
1985 2127 2110 2159 con-

149 2244 152 2246 v
184 2187 302 2237 silio
330 2204 501 2237 causae
526 2185 692 2253 partis
721 2202 829 2234 suae
856 2184 1072 2234 auderet
1098 2183 1289 2233 favere.
1367 2182 1757 2232 Verumtamen
1784 2181 1946 2230 timor
1970 2181 2110 2247 regis

186 2277 311 2309 eum
350 2258 567 2326 praemia
601 2257 945 2324 pollicentem
975 2260 1318 2322 praevenerat,
1362 2253 1487 2320 quia
1514 2271 1568 2303 se
1594 2270 1703 2302 non
1729 2252 1946 2318 impune
1973 2253 2110 2319 opti-

185 2336 353 2381 mates
396 2330 476 2379 illi
513 2329 689 2379 favere
723 2345 874 2395 posse
909 2326 1211 2388 credebant,
1253 2326 1346 2392 qui
1371 2342 1466 2392 pro
1493 2325 1606 2391 ejus
1634 2324 1943 2374 defensione
1968 2325 2108 2391 regis

184 2402 367 2453 odium
384 2401 747 2452 incurrissent.
819 2398 1130 2449 Fluctuanti
1148 2398 1315 2464 igitur
1336 2403 1389 2448 et
1409 2396 1577 2446 nimia
1597 2396 1863 2446 anxietate
1884 2396 2109 2462 dejecto,

186 2474 337 2525 miles
391 2473 455 2524 de
493 2471 790 2533 Wintonia,
836 2470 1097 2537 Anglicus
1149 2469 1384 2531 natione,
1437 2486 1630 2535 genere
1680 2485 1791 2517 non
1840 2467 2110 2534 ignobilis,

185 2546 402 2597 nomine
430 2544 737 2606 Godwinus,
775 2543 967 2593 veteris
995 2541 1281 2609 parentelae
1305 2540 1472 2607 ipsius
1499 2557 1609 2590 non
1634 2539 1932 2600 immemor,
1956 2557 2111 2606 opem

189 2636 243 2668 se
286 2617 649 2685 praestiturum
690 2615 746 2665 in
782 2614 882 2664 hac
921 2632 977 2664 re
1012 2620 1124 2663 tam
1166 2613 1364 2663 difficili
1407 2611 1787 2678 compromisit.
1867 2611 2111 2662 Instabat

180 2691 293 2757 jam
340 2689 450 2739 dies
492 2688 652 2755 hujus
699 2704 871 2737 causae
916 2684 1222 2736 diffinitioni
1272 2684 1535 2751 praefixus.
1626 2683 1802 2733 Affuit
1853 2683 2109 2734 continuo

187 2760 381 2812 actoris
408 2759 750 2827 superciliosa
773 2775 1015 2825 persona,
1050 2757 1156 2824 qui,
1190 2756 1439 2823 quoniam
1469 2755 1700 2822 corporis
1721 2754 1920 2805 viribus
1947 2774 2107 2822 praes-

185 2839 300 2884 tare
326 2832 619 2894 videbatur,
660 2836 713 2882 et
732 2836 947 2897 propter
972 2829 1218 2896 peritiam
1243 2827 1497 2890 bellandi,
1525 2845 1685 2894 quam
1713 2827 1840 2877 satis
1868 2834 2108 2890 noverat,

187 2905 396 2955 nullum
438 2903 538 2954 sibi
579 2902 870 2954 certamine
904 2919 1086 2968 parem
1128 2900 1456 2951 aestimabat:
1498 2899 1588 2950 sed
1625 2906 1677 2950 et
1717 2899 1841 2949 huic
1879 2899 2107 2949 aestima-

186 2976 323 3027 tioni
348 2975 496 3026 favor
525 2975 666 3042 regis
699 2973 934 3024 accessit.
1014 2972 1224 3024 Quibus
1260 2972 1450 3034 elatus,
1490 2970 1645 3021 facile
1676 2971 2026 3037 probaturum
2055 2989 2109 3022 se

187 3048 434 3099 credebat
455 3046 708 3114 quicquid
728 3045 881 3096 alteri
906 3044 1265 3111 imposuisset.
1341 3044 1420 3094 Eo
1440 3043 1606 3109 igitur
1633 3042 1707 3092 sic
1729 3043 2109 3105 calumniante,

188 3119 525 3186 compellitur
568 3118 846 3184 Eadgarus
888 3134 942 3167 se
981 3116 1158 3166 duello
1200 3115 1498 3177 defendere,
1536 3114 1620 3165 vel
1656 3114 1883 3164 alterum
1924 3132 2019 3181 pro
2056 3133 2110 3165 se

187 3191 328 3242 bello
346 3190 654 3256 subrogare,
685 3189 760 3239 sic
781 3188 921 3239 enim
944 3188 1055 3238 lata
1075 3187 1342 3238 sententia
1360 3186 1439 3237 rei
1455 3186 1732 3237 veritatem
1753 3186 2108 3252 exspectabat.

190 3262 483 3313 Godwinus
508 3262 692 3328 igitur,
730 3259 963 3327 Eadgari
990 3277 1203 3310 causam
1238 3259 1295 3308 in
1322 3276 1377 3308 se
1404 3258 1635 3324 capiens,
1674 3257 2009 3323 interposito,
2049 3264 2111 3307 ut

187 3334 348 3384 moris
390 3338 488 3395 est,
527 3333 797 3399 utrimque
832 3333 1156 3399 juramento,
1197 3331 1503 3396 Eadgarum
1539 3348 1593 3380 se
1632 3329 1974 3379 defensurum
2020 3346 2108 3378 ex-

188 3405 356 3473 ponit.
434 3405 521 3454 Fit
560 3422 685 3454 mox
724 3403 851 3453 hinc
880 3403 1004 3454 inde
1036 3420 1262 3469 magnus
1291 3419 1560 3452 armorum
1588 3405 1888 3467 apparatus.
1967 3401 2109 3466 Pug-

188 3476 368 3528 naturi
388 3475 711 3527 conveniunt
733 3496 741 3525 :
785 3475 1022 3541 Orgarus
1040 3474 1218 3525 favore
1240 3474 1377 3540 regis
1398 3474 1587 3534 elatus,
1610 3471 1767 3538 regiis
1791 3471 2111 3521 satellitibus

935 3674 948 3689 ‘¹
981 3665 1170 3714 Fordun,
1203 3679 1255 3718 v.,
1285 3664 1351 3706 27.
