2384 4126
237 822 754 923 EXCERPTA
844 852 897 923 E
994 850 1443 923 SCRIPTIS
1535 848 1993 936 TURGOTI,

319 1005 761 1067 EOOLEsIAE
825 1007 1467 1068 DUNELMENsIs
1533 1005 1919 1075 Paioffls,

480 1177 623 1211 APUD
674 1179 1151 1213 SCOTICHRONICON
1193 1178 1464 1212 JOHANNIS
1510 1177 1745 1211 FORDUN.

1089 1497 1135 1547 I.

156 1611 260 1662 DEt
300 1629 424 1677 rege
467 1611 767 1672 Scotorum,
811 1610 1105 1661 Malcolmo
1152 1611 1416 1661 Canmore
1452 1610 1812 1677 magnanimo,
1856 1611 2080 1678 dignum

158 1683 357 1749 aliquid
400 1682 683 1733 dicendum
724 1681 992 1743 duximus,
1034 1689 1112 1745 ut,
1149 1683 1301 1749 cujus
1331 1683 1494 1733 fuerit
1534 1683 1724 1745 cordiS,
1772 1684 1958 1749 quanti
1995 1684 2080 1734 vel

159 1755 341 1816 animi,
387 1771 556 1804 unum
606 1754 721 1820 ejus
772 1771 904 1820 opus
955 1753 1041 1803 hic
1092 1761 1369 1804 exaratum
1419 1754 1723 1820 legentibus
1768 1755 2077 1806 declarabit.

158 1826 410 1876 Relatum
437 1830 517 1875 est
545 1824 829 1892 aliquando
857 1824 974 1887 sibi,
1002 1825 1068 1875 de
1096 1825 1206 1875 suis
1228 1825 1494 1893 quendam
1521 1826 1744 1876 summis
1769 1826 2078 1893 proceribus

155 1897 312 1947 illum
346 1897 694 1947 occidendum
729 1913 851 1946 cum
894 1899 1003 1946 suis
1038 1896 1282 1947 hostibus
1318 1897 1642 1949 convenisse.
1721 1898 1958 1965 Imperat
1985 1916 2079 1948 rex

156 1968 269 2019 haec
313 1967 589 2018 nuntianti
632 1967 935 2018 silentium:
992 1967 1140 2018 siluit
1192 1975 1244 2019 et
1282 1969 1412 2036 ipse,
1462 1969 1764 2036 proditoris,
1811 1970 1901 2037 qui
1941 1970 2080 2021 forte

156 2046 288 2090 tunc
328 2040 527 2102 aberat,
570 2045 854 2106 expectans
900 2040 1203 2090 adventum.
1284 2040 1394 2092 Qui
1432 2058 1554 2091 cum
1600 2041 1666 2091 ad
1707 2041 1911 2091 curiam
1955 2059 2078 2092 cum

157 2117 415 2178 apparatu
439 2129 635 2178 magno
661 2111 775 2178 regi
791 2111 1023 2162 venisset
1049 2111 1417 2174 insidiaturus,
1444 2130 1535 2162 rex
1561 2112 1611 2163 ei
1637 2112 1850 2179 suisque
1867 2113 2078 2163 vultum

159 2183 375 2234 solitum
403 2189 560 2249 atque
593 2183 889 2249 jocundum
929 2183 1282 2250 praetendens,
1317 2183 1472 2233 finxit
1508 2201 1563 2234 se
1588 2184 1726 2233 nihil
1761 2184 1968 2234 audisse
1994 2185 2078 2235 vel

159 2255 392 2316 scivisse,
421 2272 538 2320 quae
564 2260 744 2304 mente
772 2254 1089 2305 cordetenus
1115 2254 1398 2305 recolebat.
1480 2255 1627 2306 Quid
1651 2255 1842 2322 plura?
1912 2256 1946 2305 J
1950 2255 2078 2306 ubet

156 2326 267 2392 ipse
294 2344 382 2376 rex
411 2343 593 2375 omnes
623 2331 898 2376 venatores
933 2343 1055 2375 suos
1096 2343 1305 2376 summo
1345 2344 1502 2376 mane
1538 2344 1660 2376 cum
1695 2326 1915 2377 canibus
1950 2344 2074 2377 con-

157 2397 353 2448 venire.
431 2398 504 2447 Et
524 2397 637 2464 jam
662 2402 874 2447 noctem
903 2414 1092 2447 aurora
1118 2396 1386 2464 abegerat,
1415 2415 1537 2448 cum
1563 2415 1671 2459 rex,
1699 2398 1898 2448 vocatis
1927 2398 1993 2448 ad
2020 2416 2076 2449 se

159 2469 364 2519 cunctis
391 2468 699 2535 proceribus
727 2475 780 2519 et
805 2467 1085 2530 militibus,
1127 2468 1185 2518 in
1210 2468 1452 2519 venando
1493 2469 1783 2536 spatiatum
1817 2469 1894 2519 ire
1928 2469 2076 2520 festi-

155 2547 265 2590 nat.
357 2539 523 2590 Venit
565 2539 783 2590 interim
824 2539 890 2589 ad
940 2540 1206 2606 quandam
1250 2540 1529 2606 planitiem
1577 2540 1760 2603 latam,
1812 2559 1972 2607 quam
2021 2541 2080 2591 in

158 2611 379 2662 modum
405 2628 612 2661 coronae
640 2610 952 2661 densissima
979 2611 1110 2661 silva
1136 2611 1414 2678 cingebat,
1455 2612 1514 2661 in
1541 2612 1693 2679 cujus
1719 2612 1894 2662 medio
1927 2612 2074 2663 colli-

159 2683 309 2733 culus
337 2701 475 2732 unus
505 2682 655 2748 quasi
680 2687 984 2748 turgescere
1009 2682 1306 2745 videbatur,
1345 2682 1436 2750 qui
1470 2683 1799 2733 diversorum
1836 2683 2075 2734 colorum

158 2754 394 2815 floribus,
421 2753 643 2820 pulchra
664 2754 892 2820 quadam
916 2754 1189 2817 varietate,
1218 2753 1476 2821 depictus,
1494 2754 1731 2821 fatigatis
1759 2755 2075 2822 quandoque

159 2825 419 2876 militibus
446 2843 508 2875 ex
534 2831 731 2876 venatu
768 2831 979 2891 gratum
1016 2825 1288 2892 praebebat
1324 2826 1646 2876 accubitum.
1725 2827 1795 2877 In
1821 2844 1925 2893 quo
1953 2844 2075 2876 cum

157 2915 250 2947 rex
277 2896 481 2947 caeteris
502 2897 738 2963 superior
759 2897 1099 2959 constitisset,
1129 2897 1423 2947 secundum
1448 2898 1622 2964 legem
1642 2898 1888 2960 venandi,
1918 2916 2076 2965 quam

159 2969 419 3019 Tristram
452 2968 643 3034 vulgus
680 2974 851 3029 vocat,
894 2968 1120 3034 singulis
1160 2986 1283 3018 cum
1318 2968 1538 3019 canibus
1580 2974 1633 3019 et
1674 2969 1829 3019 sociis
1866 2969 2078 3036 singula

159 3040 277 3090 loca
325 3039 553 3105 delegat,
606 3045 660 3089 et
709 3039 922 3089 obsessa
970 3039 1207 3106 undique
1257 3039 1446 3103 bestia,
1497 3040 1804 3107 ubicunque
1855 3040 2075 3107 eligeret

159 3111 379 3172 exitum,
429 3110 616 3160 mortis
662 3110 924 3161 inveniret
964 3111 1183 3161 exitum.
1261 3111 1384 3178 Ipse
1427 3129 1552 3162 vero
1592 3129 1684 3162 rex
1725 3129 1963 3162 seorsum
2009 3112 2075 3162 ab

161 3182 277 3233 aliis
302 3182 445 3231 solus
472 3181 723 3232 abscessit
750 3199 873 3232 cum
899 3182 1030 3244 solo,
1077 3200 1234 3232 suum
1261 3200 1441 3233 secum
1467 3182 1704 3233 retinens
1729 3183 2072 3249 proditorem.

269 3253 354 3303 Ab
396 3252 543 3303 omni
584 3258 762 3303 autem
804 3259 1022 3319 aspectu
1057 3259 1109 3303 et
1148 3253 1335 3307 audita).
1368 3254 1579 3316 remoti,
1616 3272 1707 3304 rex
1734 3254 1993 3316 subsistit,
2022 3260 2076 3304 et

159 3324 311 3374 vultu
339 3330 488 3374 torvo
514 3323 754 3374 volvente
779 3342 1030 3390 pugnam,
1070 3324 1127 3374 in
1153 3324 1267 3375 haec
1291 3325 1454 3375 verba
1485 3325 1744 3391 prorupit.
1824 3329 1857 3352 ‘⁶
1878 3325 2074 3387 Ecce,''

159 3395 355 3462 inquit,
384 3399 533 3461 “ego
559 3399 612 3444 et
637 3400 699 3444 tu
724 3413 952 3457 mecum,
981 3396 1124 3446 solus
1161 3413 1283 3446 cum
1311 3396 1439 3459 solo,
1477 3396 1738 3446 similibus
1767 3395 1926 3445 armis
1953 3413 2073 3462 pro-

163 3471 196 3495 “
214 3467 373 3516 tecti:
414 3466 544 3515 Non
585 3471 665 3515 est
707 3466 796 3531 qui
839 3467 990 3529 mihi,
1035 3467 1161 3517 licet
1204 3467 1337 3534 regi,
1385 3467 1614 3529 assistat,
1658 3483 1758 3517 nec
1807 3466 1908 3516 tibi
1952 3466 2075 3516 sub-

245 3603 256 3625 t
285 3601 474 3650 Fordun,
504 3613 558 3650 v„
591 3604 657 3651 11,
691 3604 755 3642 12.
814 3601 916 3641 This
936 3603 1101 3641 extract
1129 3601 1164 3641 is
1187 3601 1315 3641 taken
1335 3601 1536 3639 verbatim
1556 3599 1663 3638 from
1683 3598 1757 3637 the
1783 3597 2018 3648 Genealoyy
2038 3597 2090 3647 of

165 3657 230 3693 tlze
252 3657 387 3706 Kinys
408 3658 459 3708 of
479 3657 694 3706 Enyland,
726 3657 781 3707 by
802 3655 957 3695 Aelred
978 3656 1022 3695 of
1047 3656 1269 3696 RievaulX.
