2384 4126
696 373 823 407 VITA
861 374 901 406 8.
944 372 1285 406 MARGARETAE
1326 373 1562 406 REGINAE.
1980 360 2087 409 249

162 498 219 547 in
245 498 361 549 loco
387 504 643 560 maneret,
667 499 823 565 juxta
849 517 904 550 se
933 516 1145 549 manere
1161 520 1175 560 3
1217 505 1288 561 et,
1317 515 1652 565 quocumque
1678 504 1939 565 pergeret,
1961 498 2081 549 illos

164 588 219 620 se
247 570 491 620 comitari
518 577 797 621 statuerat.

272 641 424 704 Quae,
464 648 746 708 postquam
780 642 836 691 in
863 642 969 692 illis
997 641 1212 692 Christo
1250 640 1438 692 devote
1470 640 1885 703 ministraverat,
1927 659 2083 691 suum

162 731 370 779 quoque
397 714 773 780 corpusculum
796 714 1013 764 reficere
1041 712 1332 763 consuevit.
1400 713 1469 762 In
1496 731 1600 779 qua
1624 712 1933 774 refectione,
1962 730 2085 763 cum

162 802 345 835 curam
372 785 563 847 carnis,
586 785 881 835 secundum
902 785 1242 851 Apostolum,
1264 801 1374 834 non
1399 784 1598 835 faceret
1624 784 1681 833 in
1709 784 2084 851 concupiscen-

160 854 284 918 tiis,i
311 856 396 906 vix
423 856 610 907 habuit
635 856 693 906 in
718 856 840 907 vitae
865 856 1193 907 necessariis.
1261 856 1586 906 Comedebat
1615 855 1757 906 enim
1784 863 1845 906 ut
1872 861 2085 906 tantum

160 927 325 978 vitam
346 934 592 990 servaret,
620 946 729 978 non
748 934 810 978 ut
829 927 1172 978 delectationi
1194 927 1565 994 acquiesceret.
1644 927 1885 978 Refectio
1905 928 2083 978 tenuis

161 1006 214 1050 et
242 999 416 1050 sobria
445 1000 727 1067 [incitabat
755 1000 984 1050 esuriem
1009 999 1180 1066 magis
1209 1018 1369 1066 quam
1394 999 1782 1066 restinguebat.
1850 999 2083 1050 Gustare

160 1070 461 1138 videbatur]
499 1071 696 1133 cibum,
723 1089 832 1121 non
860 1089 1083 1122 sumere.
1164 1071 1328 1132 Hinc,
1364 1089 1512 1137 rogo,
1549 1071 1676 1122 hinc
1708 1071 2082 1138 perpendatur,

161 1149 361 1209 quanta
396 1149 449 1194 et
483 1144 652 1210 qualis
689 1144 801 1211 ejus
842 1142 1174 1194 continentia
1208 1143 1372 1194 fuerit
1402 1143 1715 1210 jejunando,
1752 1144 1905 1209 cujus
1932 1149 2085 1194 tanta

162 1214 413 1265 extiterat
453 1215 777 1266 abstinentia
816 1215 1159 1265 convivando.
1235 1216 1307 1265 Et
1340 1215 1580 1281 quamvis
1607 1220 1777 1265 totam
1804 1215 1861 1264 in
1890 1232 2085 1281 magna

161 1303 261 1336 con
274 1286 528 1353 [tinentia
553 1286 715 1337 vitam
743 1287 997 1353 duxerit,]
1034 1286 1116 1336 his
1144 1293 1342 1348 tamen,
1380 1287 1433 1336 id
1467 1293 1547 1337 est
1576 1286 1931 1353 quadraginta
1958 1293 2082 1337 ante

160 1357 366 1408 Pascha
392 1364 444 1408 et
469 1358 669 1409 Natale
696 1358 913 1408 Domini
942 1358 1146 1420 diebuS,
1183 1358 1485 1409 incredibili
1512 1358 1839 1409 abstinentia
1867 1376 1921 1409 se
1950 1359 2081 1408 affii-

159 1447 282 1495 gere
303 1430 595 1480 consuevit.
661 1430 838 1492 Unde,
862 1436 1077 1497 propter
1101 1430 1333 1480 nimium
1358 1430 1589 1496 rigorem
1612 1430 1912 1498 jejunandi,
1936 1447 2080 1480 acer-

156 1501 354 1550 rimum
379 1519 548 1568 usque
575 1502 737 1552 finem
764 1502 885 1553 vitae
913 1520 1065 1569 passa
1091 1507 1171 1552 est
1199 1502 1460 1552 stomachi
1487 1501 1744 1564 dolorem,
1772 1519 1871 1551 nec
1899 1508 2081 1552 tamen

156 1572 439 1623 infirmitas
480 1573 710 1640 corporis
748 1573 1001 1624 virtutem
1042 1573 1341 1623 debilitavit
1378 1573 1511 1634 boni,
1543 1573 1733 1640 operis.
1829 1573 1895 1622 In
1932 1591 2081 1623 sacra

158 1643 386 1695 lectione
429 1645 667 1707 studens,
703 1645 761 1694 in
802 1645 1131 1695 orationibus
1164 1644 1471 1711 persistens,
1513 1645 1571 1694 in
1612 1644 1960 1711 eleemosynis
2001 1645 2081 1694 in-

157 1715 423 1778 deficiens,
460 1734 674 1783 prorsus
709 1716 767 1765 in
793 1716 1041 1766 omnibus
1071 1734 1188 1783 quae
1215 1715 1318 1767 Dei
1355 1722 1507 1767 erant
1535 1734 1590 1766 se
1616 1716 1902 1782 vigilanter
1929 1734 2076 1766 exer-

157 1805 298 1837 cens.
375 1788 446 1837 Et
473 1788 597 1854 quia
623 1788 822 1838 sciebat
849 1788 1125 1854 scriptum,
1170 1788 1327 1846 Quem
1355 1788 1529 1855 diligit
1556 1788 1812 1838 Dominus
1840 1788 2078 1853 corripit,

146 1859 392 1926 flaqellat
417 1865 587 1910 autem
615 1877 810 1910 omnem
832 1859 1006 1925 fllium
1035 1878 1181 1926 quem
1207 1860 1395 1925 recipit
1414 1859 1452 1919 ;J‘
1490 1877 1599 1910 suae
1638 1859 1811 1910 carnis
1851 1859 2079 1921 dolores,

158 1931 309 1997 quasi
336 1931 734 1981 clementissimi
763 1932 928 1998 patris
954 1932 1242 1998 flagellum,
1266 1949 1388 1982 cum
1415 1931 1675 1998 patientia
1702 1937 1756 1983 et
1783 1931 2079 1998 gratiarum

159 2002 366 2053 actione
391 2003 562 2055 libens
592 2003 951 2071 amplectitur.

1069 2225 1171 2275 XI.

161 2339 310 2397 Quod
332 2339 386 2388 in
408 2338 755 2389 testimonium
775 2344 972 2389 sauctae
994 2338 1403 2389 conversationis
1424 2338 1534 2403 ejus
1556 2337 1805 2403 quiddam
1825 2337 2081 2388 Dominus

967 2410 1268 2460 ostenderit.

266 2529 428 2581 '‘Cum
463 2547 589 2596 ergo
629 2530 711 2580 his
752 2536 805 2581 et
839 2529 1149 2597 hujusmodi
1184 2529 1363 2580 dedita
1397 2534 1534 2580 esset
1570 2528 1835 2595 operibus,
1873 2534 1926 2579 et
1959 2546 2083 2579 con-

158 2602 326 2652 tinuis
363 2601 629 2652 laboraret
666 2601 1085 2664 infirmitatibus,
1132 2607 1210 2663 ut,
1250 2602 1406 2668 juxta
1440 2601 1780 2667 Apostolum,
1822 2600 1991 2651 virtus
2028 2601 2086 2651 in

159 2673 473 2724 infirmitate
511 2672 888 2740 perficeretur,l
918 2674 983 2723 de
1014 2673 1212 2723 virtute
1257 2672 1568 2740 [transiens]
1613 2672 1670 2721 in
1710 2672 1982 2734 virtutem,
2024 2673 2088 2723 de

157 2746 241 2796 dic
267 2745 324 2795 in
349 2745 490 2795 diem
519 2745 706 2795 melior
731 2745 1070 2796 reddebatur.
1146 2746 1380 2795 Terrena
1406 2744 1587 2794 omnia
1611 2749 1793 2794 mente
1819 2744 2085 2807 deserens,

157 2824 273 2867 toto
301 2816 559 2867 desiderio
588 2817 824 2898 ardebat,
853 2817 1085 2867 caelestia
1110 2816 1297 2867 sitiens
1316 2838 1330 2879 3
1374 2820 1408 2843 “
1429 2817 1610 2867 Sitivit
1650 2816 1825 2866 anima
1864 2833 1977 2866 mea
2017 2817 2091 2866 ad

157 2891 340 2950 Deum,
369 2888 575 2954 fontem
612 2889 815 2947 vivum;
858 2889 1063 2955 quando
1103 2890 1307 2939 veniam
1345 2894 1395 2939 et
1436 2888 1697 2954 apparebo
1735 2893 1855 2938 ante
1885 2887 2087 2953 faeiem

157 2962 258 3011 Dei
278 2967 338 3010 ,W
412 2960 685 3010 Mirentur
712 2960 841 3010 alii
828 2979 886 3010 m
913 2960 1025 3010 aliis
1054 2960 1207 3027 signa
1231 2960 1633 3030 miraculorum,
1663 2977 1761 3026 ego
1783 2959 1839 3009 in
1861 2959 2082 3025 Marga-

157 3033 261 3083 rita
300 3032 472 3082 multo
513 3032 683 3099 magis
725 3032 957 3082 admiror
996 3050 1156 3098 opera
1198 3031 1717 3082 misericordiarum.
1757 3037 1884 3081 nam
1931 3031 2085 3097 signa

157 3104 313 3155 bonis
353 3110 407 3154 et
446 3104 601 3153 malis
641 3110 767 3154 sunt
810 3104 1147 3165 communia,
1190 3122 1350 3183 opera
1386 3109 1565 3153 autem
1600 3120 1736 3153 verae
1775 3102 1993 3169 pietatis
2030 3109 2083 3153 et

160 3175 394 3226 caritatis
416 3175 677 3225 bonorum
699 3176 927 3242 propria.
987 3175 1092 3225 Illa
1112 3175 1455 3226 sanctitatem
1474 3174 1747 3224 interdum
1769 3174 2080 3237 ostendunt,

158 3247 264 3297 ista,
303 3246 467 3296 etiam
507 3246 728 3297 faciunt.
811 3246 1059 3313 Dignius,
1098 3247 1338 3313 inquam,
1375 3247 1634 3297 miremur
1677 3246 1735 3295 in
1779 3245 2082 3312 Margarita

158 3319 316 3380 facta,
336 3335 452 3384 quae
471 3317 619 3367 illam
638 3319 890 3369 Sanctam
909 3318 1196 3381 faciebant,
1216 3337 1378 3385 quam
1399 3318 1569 3385 signa,
1591 3317 1635 3368 si
1657 3317 1833 3383 aliqua
1849 3316 2078 3380 fecisset,

159 3408 276 3457 quae
318 3388 625 3439 hominibus
666 3395 905 3440 sanctam
946 3396 1158 3440 tantum
1202 3390 1562 3441 ostenderent.
1656 3388 1889 3454 Dignius
1932 3388 2081 3438 illam

160 3462 615 3528 obstupescamus,
662 3460 719 3510 in
765 3479 868 3527 qua
907 3479 1002 3528 per
1036 3461 1281 3529 justitiae,
1327 3461 1561 3528 pietatis,
1608 3459 1984 3510 misericordiae
2029 3466 2082 3510 et

328 3608 335 3631 ’'
367 3612 389 3648 1
412 3607 553 3648 Thess.
574 3607 628 3647 iv.
651 3608 688 3647 5.
975 3607 991 3640 α’
1021 3604 1133 3647 Heb.
1155 3606 1225 3647 xii.
1247 3609 1285 3647 6.
1579 3604 1595 3628 ἢ
1629 3603 1669 3643 A
1688 3603 1761 3643 red
1781 3602 1916 3643 letter.

602 3662 612 3684 ⁷
642 3665 666 3701 2
688 3661 782 3702 Cor.
805 3661 875 3701 xii.
896 3664 934 3702 9.
1279 3668 1303 3684 ”¹
1335 3659 1478 3700 Psalm
1498 3659 1584 3699 xlii.
1606 3662 1643 3698 2.
