2384 4126
350 367 456 416 242
1117 383 1393 416 APPENDIX
1433 383 1519 415 111.

351 525 466 560 esse
491 509 749 560 renovati.
829 509 1101 577 Obsequia
1144 510 1306 560 etiam
1347 509 1486 576 regis
1527 507 1841 559 sublimiora
1880 506 2179 568 constituit,
2218 511 2279 556 ut

351 598 474 631 eum
515 581 890 648 procedentem
934 582 1041 632 sive
1084 582 1416 648 equitantem
1458 581 1630 631 multa
1674 598 1795 632 eum
1849 579 2038 647 grandi
2077 579 2280 628 honore

352 653 569 719 agmina
595 655 960 720 constiparent
978 674 992 715 3
1035 659 1088 704 et
1115 653 1216 703 hoc
1243 671 1365 704 cum
1392 659 1545 704 tanta
1571 670 1810 714 censura,
1856 658 1915 701 ut
1942 667 2279 718 quocumque

352 723 708 787 devenissent,
751 725 885 775 nulli
928 743 1112 776 eorum
1154 725 1403 792 cuiquam
1450 725 1651 791 aliquid
1693 724 1879 774 liceret
1922 740 2138 790 rapere;
2179 738 2278 772 nec

350 797 579 848 rusticos
608 804 699 847 aut
725 815 982 864 pauperes
1010 797 1277 864 quoslibet
1305 797 1544 863 quolibet
1565 797 1723 847 modo
1751 796 2033 863 quisquam
2060 794 2278 844 illorum

353 869 651 935 opprimere
680 870 897 920 auderet
923 870 1007 920 vel
1033 869 1240 920 laedere.
1320 869 1536 936 Regalis
1563 886 1771 935 quoque
1800 868 1935 918 aulae
1962 872 2281 917 ornamenta

352 941 751 1008 multiplicavit,
787 947 850 991 ut
890 959 1001 991 non
1035 947 1250 991 tantum
1293 941 1500 991 diverso
1536 940 1821 1007 palliorum
1848 940 2037 990 decore
2062 938 2279 1000 niteret,

353 1013 445 1063 sed
473 1013 634 1064 etiam
664 1031 792 1063 auro
820 1019 1148 1079 argentoque
1175 1013 1364 1063 domus
1391 1019 1507 1063 tota
1532 1011 1910 1078 resplenderet.
1988 1012 2101 1061 Aut
2137 1009 2280 1061 enim

355 1102 516 1135 aurea
542 1085 623 1136 vel
652 1090 919 1151 argentea,
963 1090 1056 1134 aut
1090 1084 1345 1135 deaurata
1377 1085 1486 1135 sive
1518 1084 1865 1150 deargentata
1894 1082 2114 1133 fuerunt
2139 1099 2281 1144 vasa,

354 1156 547 1222 quibus
588 1157 702 1222 regi
744 1162 797 1206 et
841 1155 996 1222 regni
1039 1156 1348 1222 proceribus
1389 1156 1550 1223 dapes
1593 1155 1962 1206 inferebantur
2007 1160 2060 1205 et
2103 1160 2279 1221 potus.

353 1228 426 1278 Et
467 1227 583 1279 haec
629 1228 844 1294 quidem
884 1227 979 1278 illa
1018 1227 1235 1291 fecerat,
1274 1246 1385 1279 non
1423 1228 1549 1295 quia
1587 1226 1774 1277 mundi
1813 1227 2012 1277 honore
2050 1226 2281 1277 delecta-

352 1298 529 1362 batur,
583 1300 692 1363 sed,
746 1299 887 1367 quod
936 1300 1084 1366 regia
1133 1300 1368 1367 dignitas
1423 1299 1488 1351 ab
1539 1318 1602 1351 ea
1660 1299 1923 1365 exigebat,
1987 1298 2284 1365 persolvere

355 1371 662 1438 cogebatur.
764 1372 911 1422 Nam
962 1389 1084 1422 cum
1135 1372 1386 1439 pretioso,
1438 1378 1500 1422 ut
1549 1371 1794 1438 reginam
1845 1370 2083 1433 decebat,
2136 1370 2286 1420 cultu

353 1442 544 1494 induta
579 1443 906 1511 procederet,
943 1444 1124 1495 omnia
1158 1450 1474 1495 ornamenta
1502 1444 1647 1494 velut
1684 1443 1851 1494 altera
1877 1442 2076 1493 Esther
2101 1448 2284 1492 mente

354 1516 608 1578 calcavit3
652 1534 812 1583 seque
840 1516 937 1566 sub
966 1516 1190 1583 gemmis
1218 1524 1272 1567 et
1299 1534 1427 1567 auro
1453 1516 1531 1566 nil
1558 1516 1705 1566 aliud
1736 1533 1896 1582 quam
1930 1514 2203 1582 pulverem
2231 1518 2284 1564 et

355 1587 589 1639 cinerem
631 1588 1003 1639 consideravit.
1082 1588 1328 1655 Denique
1369 1589 1426 1638 in
1460 1594 1614 1639 tanta
1653 1587 1967 1638 celsitudine
2004 1585 2283 1653 dignitatis

355 1660 645 1710 maximam
685 1678 892 1727 semper
932 1660 1121 1710 habuit
1164 1661 1435 1712 servandae
1471 1678 1654 1711 curam
1694 1658 2033 1709 humilitatis.
2110 1659 2285 1708 Tanto

356 1732 500 1782 enim
546 1731 756 1782 facilius
804 1749 1020 1782 omnem
1067 1750 1132 1783 ex
1170 1733 1433 1783 mundiali
1470 1733 1672 1783 honore
1712 1731 1971 1799 superbiae
2016 1736 2287 1781 tumorem

354 1804 696 1870 reprimebat,
749 1810 951 1870 quanto
1000 1804 1205 1871 fragilis
1247 1804 1371 1855 vitae
1420 1804 1715 1855 transitura
1766 1803 2003 1854 conditio
2048 1808 2286 1853 mentem

355 1875 498 1926 illius
526 1894 803 1942 nunquam
829 1876 1058 1942 fugerat.
1137 1876 1292 1926 Illius
1322 1876 1465 1927 enim
1499 1876 1780 1927 sententiae
1807 1892 2016 1941 semper
2040 1873 2285 1925 recorda-

355 1948 532 2010 batur,
562 1967 666 2015 qua
691 1947 956 1999 instabilis
983 1948 1233 1999 humanae
1261 1948 1312 1998 vi
1325 1949 1417 2016 [tae
1444 1954 1614 1999 status
1642 1948 1716 1997 sic
1742 1946 2083 1998 discribitur:
2117 1946 2285 1996 Homo

356 2026 513 2071 natus
541 2020 624 2087 cle]
662 2021 873 2072 muliere
901 2020 1041 2071 brevi
1067 2021 1242 2071 vivens
1280 2020 1530 2087 [tempore
1554 2019 1809 2087 repletur]
1839 2020 2018 2070 multis
2044 2018 2287 2079 miseriis,

358 2093 446 2158 qui
492 2093 643 2158 quasi
673 2093 781 2159 flos
820 2092 1088 2157 eyreditur
1133 2098 1183 2143 et
1222 2094 1528 2153 conteritur,
1571 2098 1621 2143 et
1646 2091 1796 2157 suffit
1821 2093 1959 2142 velut
1996 2090 2197 2152 umbra,
2239 2095 2290 2140 et

357 2182 621 2230 nunquam
648 2165 703 2214 in
730 2165 904 2215 eodem
930 2169 1076 2215 statu
1091 2166 1406 2230 permanet}
1481 2164 1628 2215 Illud
1664 2181 1874 2230 quoque
1915 2162 2060 2213 beati
2099 2162 2131 2212 J
2138 2161 2290 2212 acobi

357 2236 604 2303 Apostoli
635 2254 843 2303 semper
868 2236 926 2285 in
946 2242 1129 2287 mente
1150 2236 1413 2299 versabat,
1448 2237 1567 2295 Quoe
1594 2241 1688 2298 est,
1710 2235 1906 2302 inquit,
1928 2235 2038 2286 vita
2059 2240 2241 2285 nostra
2261 2239 2290 2283 ?

369 2309 544 2374 Vapor
594 2315 670 2360 est
717 2308 790 2357 ad
832 2309 1090 2359 modicum
1123 2314 1336 2375 patene,
1380 2309 1622 2375 deinceps
1667 2307 2144 2359 exterminabiturst
2217 2306 2291 2356 Et

359 2381 501 2447 quia,
564 2386 626 2431 ut
692 2380 971 2447 Scriptura
1031 2380 1289 2448 loquitur,
1353 2383 1552 2432 Beatus
1612 2382 1758 2430 lzomo
1821 2380 1908 2446 qui
1963 2395 2163 2444 semper
2213 2383 2290 2428 est

347 2453 580 2518 pavidus
597 2462 633 2511 ,·²⁷
675 2459 828 2502 tanto
878 2452 1088 2502 facilius
1138 2458 1358 2520 peccata
1406 2451 1723 2504 venerabilis
1766 2451 1954 2518 regina
1999 2449 2288 2511 devitabat,

360 2530 560 2590 quanto
595 2530 830 2574 tremens
868 2530 921 2574 et
961 2542 1159 2591 pavens
1194 2524 1501 2575 districtum
1536 2523 1728 2591 judicii
1754 2523 1897 2573 diem
1923 2521 2290 2572 indesinenter

361 2602 484 2647 ante
511 2596 708 2646 mentis
736 2596 918 2646 oculos
945 2596 1047 2646 sibi
1075 2596 1448 2663 praesentabat.
1527 2596 1688 2647 Unde
1715 2594 1901 2646 crebro
1935 2612 2021 2644 me
2046 2593 2288 2660 rogabat,

359 2674 421 2717 ut
461 2667 714 2734 quicquid
756 2667 815 2717 in
854 2668 969 2734 ejus
1013 2668 1096 2718 vel
1133 2668 1293 2719 verbo
1335 2669 1418 2719 vel
1458 2667 1599 2719 facto
1637 2665 2134 2733 reprehendendum
2172 2682 2289 2732 per-

360 2739 613 2801 viderem,
654 2739 711 2789 id
749 2739 1145 2806 reprehendens
1184 2746 1389 2791 secreto
1429 2740 1510 2789 illi
1548 2739 1785 2790 indicare
1822 2756 1932 2788 non
1971 2737 2287 2788 dubitarem.

364 2810 523 2862 Quod
551 2811 681 2860 dum
708 2811 879 2860 rarius
909 2817 963 2862 et
989 2812 1221 2878 tepidius
1257 2830 1418 2879 quam
1447 2811 1605 2862 vellet
1638 2811 1888 2872 facerem,
1927 2809 2290 2875 importunam

363 2900 418 2933 se
455 2882 590 2932 mihi
627 2882 936 2948 ingerebat3
980 2882 1337 2934 dormientem
1381 2888 1435 2934 et
1477 2883 1623 2933 velut
1665 2881 1748 2932 sui
1790 2880 2158 2947 negligentem
2205 2898 2289 2931 me

364 2953 652 3020 arguebat:
695 2954 1070 3019 “Corripiat,”
1115 2954 1309 3022 inquit,
1357 2958 1487 3005 “me
1512 2955 1696 3020 justus
1739 2954 1796 3003 in
1839 2953 2203 3003 misericordia
2242 2957 2293 3002 et

364 3027 648 3091 “increpet
690 3042 802 3075 me.-
858 3028 1039 3088 oleum,
1095 3033 1285 3089 autem,
1325 3026 1381 3076 id
1422 3032 1502 3077 est
1549 3025 1802 3087 adulatiO,
1844 3025 2147 3090 peccatoris
2191 3041 2294 3074 non

364 3102 399 3125 “
417 3098 709 3163 impinguat
736 3103 892 3162 caput
918 3114 1115 3156 meum;
1120 3097 1395 3148 wmeliora
1421 3097 1565 3148 enim
1592 3102 1716 3147 sunt
1741 3097 1965 3147 vulnera
1994 3095 2287 3162 diligentis,

365 3173 399 3197 “
421 3187 580 3236 quam
621 3167 828 3218 inimici
870 3168 1195 3219 blandientis
1248 3169 1485 3220 oscula.'5
1564 3169 1699 3219 Haec
1750 3168 1950 3230 dicens,
2001 3167 2287 3234 reprehen-

365 3241 570 3291 sionem
597 3239 696 3301 sui,
726 3257 885 3319 quam
914 3240 1139 3306 quilibet
1167 3241 1302 3291 alius
1323 3241 1577 3307 deputare
1603 3246 1811 3307 poterat
1833 3239 1899 3291 ad
1926 3239 2288 3306 opprobrium,

362 3313 480 3382 ipsa
506 3312 572 3363 ad
597 3311 812 3363 virtutis
839 3311 1122 3379 appetebat
1147 3312 1463 3379 profectum.

698 3491 710 3513 ἲ
739 3488 825 3528 Job
845 3488 928 3529 xiv.
951 3493 988 3539 1,
1010 3493 1047 3530 2.
1591 3498 1609 3515 ¹¹
1641 3490 1681 3530 S.
1703 3489 1796 3530 Jac.
1817 3489 1872 3530 iv.
1895 3491 1960 3529 14.

698 3550 715 3568 ¹·
744 3544 869 3584 Prov.
891 3544 1035 3585 xxviii.
1056 3547 1121 3586 14.
1592 3553 1613 3569 ἰ’
1643 3545 1785 3585 Psalm
1805 3543 1884 3584 cxl.
1906 3544 1943 3582 5.
