<?xml version="1.0" encoding="UTF-8"?>
<!DOCTYPE html PUBLIC "-//W3C//DTD XHTML 1.0 Transitional//EN"
    "http://www.w3.org/TR/xhtml1/DTD/xhtml1-transitional.dtd">
<html xmlns="http://www.w3.org/1999/xhtml" xml:lang="en" lang="en">
 <head>
  <title>
</title>
<meta http-equiv="Content-Type" content="text/html;charset=utf-8" />
  <meta name='ocr-system' content='tesseract 3.04.00' />
  <meta name='ocr-capabilities' content='ocr_page ocr_carea ocr_par ocr_line ocrx_word'/>
</head>
<body>
  <div class='ocr_page' id='page_1' title='image "./operacollect00simerich_0283.png"; bbox 0 0 2384 4126; ppageno 0'>
   <div class='ocr_carea' id='block_1_1' title="bbox 899 363 2135 412">
    <p class='ocr_par' dir='ltr' id='par_1_1' title="bbox 899 363 2135 412">
     <span class='ocr_line' id='line_1_1' title="bbox 899 363 2135 412; baseline 0.002 -2"><span class='ocrx_word' id='word_1_1' title='bbox 899 378 1086 411; x_wconf 78' lang='lat' dir='ltr'>SANCTI</span> <span class='ocrx_word' id='word_1_2' title='bbox 1127 377 1456 411; x_wconf 73' lang='lat' dir='ltr'>CUTHBERTI.</span> <span class='ocrx_word' id='word_1_3' title='bbox 2034 363 2135 412; x_wconf 81' lang='lat'>193</span> 
     </span>
    </p>
   </div>
   <div class='ocr_carea' id='block_1_2' title="bbox 216 501 2145 3582">
    <p class='ocr_par' dir='ltr' id='par_1_2' title="bbox 216 501 2145 3582">
     <span class='ocr_line' id='line_1_2' title="bbox 224 501 2135 570; baseline 0.002 -20"><span class='ocrx_word' id='word_1_4' title='bbox 224 501 401 552; x_wconf 91' lang='lat' dir='ltr'>amina</span> <span class='ocrx_word' id='word_1_5' title='bbox 438 501 781 554; x_wconf 90' lang='lat' dir='ltr'>obvolverant</span> <span class='ocrx_word' id='word_1_6' title='bbox 796 524 811 566; x_wconf 87' lang='lat'>,-</span> <span class='ocrx_word' id='word_1_7' title='bbox 853 521 971 570; x_wconf 84' lang='lat' dir='ltr'>quae</span> <span class='ocrx_word' id='word_1_8' title='bbox 1010 503 1191 554; x_wconf 90' lang='lat' dir='ltr'>omnia</span> <span class='ocrx_word' id='word_1_9' title='bbox 1228 503 1341 553; x_wconf 91' lang='lat' dir='ltr'>sine</span> <span class='ocrx_word' id='word_1_10' title='bbox 1375 502 1486 553; x_wconf 90' lang='lat' dir='ltr'>ulla</span> <span class='ocrx_word' id='word_1_11' title='bbox 1521 501 1877 569; x_wconf 79' lang='lat' dir='ltr'>corruptionis</span> <span class='ocrx_word' id='word_1_12' title='bbox 1908 504 2135 565; x_wconf 90' lang='lat' dir='ltr'>macula,</span> 
     </span>
     <span class='ocr_line' id='line_1_3' title="bbox 222 572 2137 642; baseline 0.001 -20"><span class='ocrx_word' id='word_1_13' title='bbox 222 572 433 639; x_wconf 87' lang='lat' dir='ltr'>integra</span> <span class='ocrx_word' id='word_1_14' title='bbox 459 580 512 625; x_wconf 89' lang='lat' dir='ltr'>et</span> <span class='ocrx_word' id='word_1_15' title='bbox 539 575 765 625; x_wconf 90' lang='lat' dir='ltr'>eandida</span> <span class='ocrx_word' id='word_1_16' title='bbox 795 575 1023 642; x_wconf 81' lang='lat' dir='ltr'><strong>priscam</strong></span> <span class='ocrx_word' id='word_1_17' title='bbox 1059 575 1142 625; x_wconf 89' lang='lat' dir='ltr'>sui</span> <span class='ocrx_word' id='word_1_18' title='bbox 1178 574 1472 625; x_wconf 90' lang='lat' dir='ltr'>novitatem</span> <span class='ocrx_word' id='word_1_19' title='bbox 1506 573 1863 624; x_wconf 81' lang='lat' dir='ltr'>reservabant.</span> <span class='ocrx_word' id='word_1_20' title='bbox 1942 575 2137 625; x_wconf 79' lang='lat' dir='ltr'>Casula</span> 
     </span>
     <span class='ocr_line' id='line_1_4' title="bbox 224 645 2137 713; baseline 0.001 -20"><span class='ocrx_word' id='word_1_21' title='bbox 224 649 422 707; x_wconf 91' lang='lat' dir='ltr'>autem,</span> <span class='ocrx_word' id='word_1_22' title='bbox 459 664 618 712; x_wconf 90' lang='lat' dir='ltr'>quam</span> <span class='ocrx_word' id='word_1_23' title='bbox 652 664 747 713; x_wconf 93' lang='lat' dir='ltr'>per</span> <span class='ocrx_word' id='word_1_24' title='bbox 780 646 1032 697; x_wconf 76' lang='lat' dir='ltr'>undecim</span> <span class='ocrx_word' id='word_1_25' title='bbox 1066 664 1233 697; x_wconf 91' lang='lat' dir='ltr'>annos</span> <span class='ocrx_word' id='word_1_26' title='bbox 1276 645 1535 696; x_wconf 89' lang='lat' dir='ltr'>habuerat</span> <span class='ocrx_word' id='word_1_27' title='bbox 1569 645 1626 695; x_wconf 90' lang='lat' dir='ltr'>in</span> <span class='ocrx_word' id='word_1_28' title='bbox 1661 645 1919 712; x_wconf 90' lang='lat' dir='ltr'>sepulcro,</span> <span class='ocrx_word' id='word_1_29' title='bbox 1953 646 2068 713; x_wconf 86' lang='lat' dir='ltr'>jam</span> <span class='ocrx_word' id='word_1_30' title='bbox 2107 665 2137 696; x_wconf 89' lang='lat' dir='ltr'>a</span> 
     </span>
     <span class='ocr_line' id='line_1_5' title="bbox 222 715 2133 784; baseline 0.001 -19"><span class='ocrx_word' id='word_1_31' title='bbox 222 715 478 767; x_wconf 86' lang='lat' dir='ltr'>fratribus</span> <span class='ocrx_word' id='word_1_32' title='bbox 518 723 648 768; x_wconf 91' lang='lat' dir='ltr'>tunc</span> <span class='ocrx_word' id='word_1_33' title='bbox 688 717 812 768; x_wconf 90' lang='lat' dir='ltr'>inde</span> <span class='ocrx_word' id='word_1_34' title='bbox 848 718 1042 779; x_wconf 89' lang='lat' dir='ltr'>ablata,</span> <span class='ocrx_word' id='word_1_35' title='bbox 1084 718 1211 768; x_wconf 90' lang='lat' dir='ltr'>alibi</span> <span class='ocrx_word' id='word_1_36' title='bbox 1241 734 1337 784; x_wconf 90' lang='lat' dir='ltr'>pro</span> <span class='ocrx_word' id='word_1_37' title='bbox 1364 717 1692 768; x_wconf 89' lang='lat' dir='ltr'>ostendendo</span> <span class='ocrx_word' id='word_1_38' title='bbox 1718 717 2133 783; x_wconf 81' lang='lat' dir='ltr'>incorruptionis</span> 
     </span>
     <span class='ocr_line' id='line_1_6' title="bbox 224 786 2136 855; baseline 0.002 -19"><span class='ocrx_word' id='word_1_39' title='bbox 224 786 377 853; x_wconf 89' lang='lat' dir='ltr'>signo</span> <span class='ocrx_word' id='word_1_40' title='bbox 404 806 548 839; x_wconf 91' lang='lat' dir='ltr'>nunc</span> <span class='ocrx_word' id='word_1_41' title='bbox 584 795 822 840; x_wconf 90' lang='lat' dir='ltr'>servatur</span> <span class='ocrx_word' id='word_1_42' title='bbox 851 789 908 839; x_wconf 90' lang='lat' dir='ltr'>in</span> <span class='ocrx_word' id='word_1_43' title='bbox 943 789 1179 840; x_wconf 89' lang='lat' dir='ltr'>ecclesia.</span> <span class='ocrx_word' id='word_1_44' title='bbox 1258 790 1395 840; x_wconf 87' lang='lat' dir='ltr'>Cum</span> <span class='ocrx_word' id='word_1_45' title='bbox 1435 806 1560 855; x_wconf 87' lang='lat' dir='ltr'>ergo</span> <span class='ocrx_word' id='word_1_46' title='bbox 1598 789 1774 840; x_wconf 89' lang='lat' dir='ltr'>nervis</span> <span class='ocrx_word' id='word_1_47' title='bbox 1815 789 2044 839; x_wconf 91' lang='lat' dir='ltr'>solidum</span> <span class='ocrx_word' id='word_1_48' title='bbox 2083 795 2136 839; x_wconf 92' lang='lat' dir='ltr'>et</span> 
     </span>
     <span class='ocr_line' id='line_1_7' title="bbox 225 859 2134 928; baseline 0.001 -20"><span class='ocrx_word' id='word_1_49' title='bbox 225 876 288 909; x_wconf 83' lang='lat' dir='ltr'>ex</span> <span class='ocrx_word' id='word_1_50' title='bbox 337 859 547 926; x_wconf 88' lang='lat' dir='ltr'>integro</span> <span class='ocrx_word' id='word_1_51' title='bbox 596 861 967 928; x_wconf 89' lang='lat' dir='ltr'>incorruptum</span> <span class='ocrx_word' id='word_1_52' title='bbox 1023 879 1212 928; x_wconf 92' lang='lat' dir='ltr'>corpus</span> <span class='ocrx_word' id='word_1_53' title='bbox 1264 861 1381 911; x_wconf 91' lang='lat' dir='ltr'>visu</span> <span class='ocrx_word' id='word_1_54' title='bbox 1435 867 1488 911; x_wconf 92' lang='lat' dir='ltr'>et</span> <span class='ocrx_word' id='word_1_55' title='bbox 1538 860 1784 911; x_wconf 90' lang='lat' dir='ltr'>manibus</span> <span class='ocrx_word' id='word_1_56' title='bbox 1835 861 2134 923; x_wconf 90' lang='lat' dir='ltr'>tractando,</span> 
     </span>
     <span class='ocr_line' id='line_1_8' title="bbox 222 929 2135 999; baseline 0.002 -20"><span class='ocrx_word' id='word_1_57' title='bbox 222 929 463 994; x_wconf 87' lang='lat' dir='ltr'>levandO,</span> <span class='ocrx_word' id='word_1_58' title='bbox 507 950 566 983; x_wconf 89' lang='lat' dir='ltr'>ac</span> <span class='ocrx_word' id='word_1_59' title='bbox 591 933 904 999; x_wconf 90' lang='lat' dir='ltr'>deponendo</span> <span class='ocrx_word' id='word_1_60' title='bbox 932 939 1076 983; x_wconf 89' lang='lat' dir='ltr'>certo</span> <span class='ocrx_word' id='word_1_61' title='bbox 1103 932 1478 999; x_wconf 79' lang='lat' dir='ltr'>percepissent,</span> <span class='ocrx_word' id='word_1_62' title='bbox 1519 937 1678 999; x_wconf 89' lang='lat' dir='ltr'>atque</span> <span class='ocrx_word' id='word_1_63' title='bbox 1706 932 1952 983; x_wconf 86' lang='lat' dir='ltr'>sollemni</span> <span class='ocrx_word' id='word_1_64' title='bbox 1978 951 2135 999; x_wconf 90' lang='lat' dir='ltr'>appa-</span> 
     </span>
     <span class='ocr_line' id='line_1_9' title="bbox 223 1004 2137 1071; baseline 0.002 -20"><span class='ocrx_word' id='word_1_65' title='bbox 223 1007 346 1051; x_wconf 89' lang='lat' dir='ltr'>ratu</span> <span class='ocrx_word' id='word_1_66' title='bbox 384 1010 630 1054; x_wconf 89' lang='lat' dir='ltr'>curatum</span> <span class='ocrx_word' id='word_1_67' title='bbox 664 1004 933 1067; x_wconf 90' lang='lat' dir='ltr'>vidissent,</span> <span class='ocrx_word' id='word_1_68' title='bbox 975 1004 1040 1055; x_wconf 91' lang='lat' dir='ltr'>ad</span> <span class='ocrx_word' id='word_1_69' title='bbox 1073 1022 1134 1055; x_wconf 89' lang='lat' dir='ltr'>ea</span> <span class='ocrx_word' id='word_1_70' title='bbox 1169 1005 1361 1071; x_wconf 91' lang='lat' dir='ltr'>quibus</span> <span class='ocrx_word' id='word_1_71' title='bbox 1390 1010 1514 1054; x_wconf 90' lang='lat' dir='ltr'>ante</span> <span class='ocrx_word' id='word_1_72' title='bbox 1539 1004 1714 1055; x_wconf 86' lang='lat' dir='ltr'>fuerat</span> <span class='ocrx_word' id='word_1_73' title='bbox 1744 1004 2047 1054; x_wconf 91' lang='lat' dir='ltr'>involutum</span> <span class='ocrx_word' id='word_1_74' title='bbox 2074 1022 2137 1054; x_wconf 84' lang='lat' dir='ltr'>ex</span> 
     </span>
     <span class='ocr_line' id='line_1_10' title="bbox 224 1072 2139 1144; baseline 0.002 -21"><span class='ocrx_word' id='word_1_75' title='bbox 224 1072 535 1138; x_wconf 84' lang='lat' dir='ltr'>abundanti,</span> <span class='ocrx_word' id='word_1_76' title='bbox 575 1076 798 1143; x_wconf 92' lang='lat' dir='ltr'>pallium</span> <span class='ocrx_word' id='word_1_77' title='bbox 840 1077 981 1144; x_wconf 91' lang='lat' dir='ltr'>quod</span> <span class='ocrx_word' id='word_1_78' title='bbox 1019 1077 1223 1126; x_wconf 76' lang='lat' dir='ltr'>caeteris</span> <span class='ocrx_word' id='word_1_79' title='bbox 1256 1075 1536 1143; x_wconf 89' lang='lat' dir='ltr'>pretiosius</span> <span class='ocrx_word' id='word_1_80' title='bbox 1572 1076 1628 1126; x_wconf 91' lang='lat' dir='ltr'>in</span> <span class='ocrx_word' id='word_1_81' title='bbox 1669 1075 1891 1126; x_wconf 91' lang='lat' dir='ltr'>ecclesia</span> <span class='ocrx_word' id='word_1_82' title='bbox 1929 1082 2139 1142; x_wconf 89' lang='lat' dir='ltr'>poterat</span> 
     </span>
     <span class='ocr_line' id='line_1_11' title="bbox 222 1145 2136 1214; baseline 0.002 -20"><span class='ocrx_word' id='word_1_83' title='bbox 222 1145 468 1209; x_wconf 91' lang='lat' dir='ltr'>inveniri,</span> <span class='ocrx_word' id='word_1_84' title='bbox 510 1154 564 1198; x_wconf 93' lang='lat' dir='ltr'>et</span> <span class='ocrx_word' id='word_1_85' title='bbox 598 1148 997 1199; x_wconf 86' lang='lat' dir='ltr'>subtilissimam</span> <span class='ocrx_word' id='word_1_86' title='bbox 1031 1147 1510 1214; x_wconf 85' lang='lat' dir='ltr'>superaddiderunt</span> <span class='ocrx_word' id='word_1_87' title='bbox 1552 1147 1846 1198; x_wconf 89' lang='lat' dir='ltr'>sindonem.</span> <span class='ocrx_word' id='word_1_88' title='bbox 1927 1148 2136 1200; x_wconf 77' lang='lat' dir='ltr'>Quibus</span> 
     </span>
     <span class='ocr_line' id='line_1_12' title="bbox 223 1219 2136 1286; baseline 0.002 -20"><span class='ocrx_word' id='word_1_89' title='bbox 223 1234 420 1283; x_wconf 89' lang='lat' dir='ltr'>magna</span> <span class='ocrx_word' id='word_1_90' title='bbox 463 1236 585 1269; x_wconf 90' lang='lat' dir='ltr'>cum</span> <span class='ocrx_word' id='word_1_91' title='bbox 629 1220 910 1286; x_wconf 85' lang='lat' dir='ltr'>diligentia</span> <span class='ocrx_word' id='word_1_92' title='bbox 954 1220 1361 1282; x_wconf 89' lang='lat' dir='ltr'>circumdatum,</span> <span class='ocrx_word' id='word_1_93' title='bbox 1406 1219 1464 1270; x_wconf 88' lang='lat' dir='ltr'>in</span> <span class='ocrx_word' id='word_1_94' title='bbox 1514 1238 1623 1270; x_wconf 84' lang='lat' dir='ltr'>suae</span> <span class='ocrx_word' id='word_1_95' title='bbox 1673 1219 1867 1286; x_wconf 90' lang='lat' dir='ltr'>quietis</span> <span class='ocrx_word' id='word_1_96' title='bbox 1916 1220 2136 1286; x_wconf 79' lang='lat' dir='ltr'>placidae</span> 
     </span>
     <span class='ocr_line' id='line_1_13' title="bbox 222 1288 2134 1358; baseline 0.002 -20"><span class='ocrx_word' id='word_1_97' title='bbox 222 1288 591 1341; x_wconf 89' lang='lat' dir='ltr'>habitaculum</span> <span class='ocrx_word' id='word_1_98' title='bbox 628 1309 750 1342; x_wconf 90' lang='lat' dir='ltr'>cum</span> <span class='ocrx_word' id='word_1_99' title='bbox 787 1292 957 1342; x_wconf 87' lang='lat' dir='ltr'>multa</span> <span class='ocrx_word' id='word_1_100' title='bbox 989 1309 1208 1358; x_wconf 88' lang='lat' dir='ltr'>precum</span> <span class='ocrx_word' id='word_1_101' title='bbox 1243 1298 1296 1342; x_wconf 92' lang='lat' dir='ltr'>et</span> <span class='ocrx_word' id='word_1_102' title='bbox 1330 1292 1503 1342; x_wconf 88' lang='lat' dir='ltr'>multa</span> <span class='ocrx_word' id='word_1_103' title='bbox 1529 1291 1766 1342; x_wconf 85' lang='lat' dir='ltr'>dulcium</span> <span class='ocrx_word' id='word_1_104' title='bbox 1792 1292 2134 1342; x_wconf 88' lang='lat' dir='ltr'>lacrimarum</span> 
     </span>
     <span class='ocr_line' id='line_1_14' title="bbox 224 1360 2135 1429; baseline 0.002 -19"><span class='ocrx_word' id='word_1_105' title='bbox 224 1360 504 1413; x_wconf 89' lang='lat' dir='ltr'>devotione</span> <span class='ocrx_word' id='word_1_106' title='bbox 530 1370 897 1429; x_wconf 89' lang='lat' dir='ltr'>reposuerunt.</span> <span class='ocrx_word' id='word_1_107' title='bbox 977 1364 1081 1414; x_wconf 84' lang='lat' dir='ltr'>Sed</span> <span class='ocrx_word' id='word_1_108' title='bbox 1115 1370 1168 1414; x_wconf 92' lang='lat' dir='ltr'>et</span> <span class='ocrx_word' id='word_1_109' title='bbox 1204 1364 1323 1426; x_wconf 92' lang='lat' dir='ltr'>alia,</span> <span class='ocrx_word' id='word_1_110' title='bbox 1358 1363 1496 1413; x_wconf 90' lang='lat' dir='ltr'>sicut</span> <span class='ocrx_word' id='word_1_111' title='bbox 1529 1363 1743 1414; x_wconf 87' lang='lat' dir='ltr'>fuerant</span> <span class='ocrx_word' id='word_1_112' title='bbox 1768 1363 1987 1414; x_wconf 88' lang='lat' dir='ltr'>inventa</span> <span class='ocrx_word' id='word_1_113' title='bbox 2013 1382 2135 1414; x_wconf 90' lang='lat' dir='ltr'>cum</span> 
     </span>
     <span class='ocr_line' id='line_1_15' title="bbox 221 1431 2137 1502; baseline 0.003 -21"><span class='ocrx_word' id='word_1_114' title='bbox 221 1431 333 1495; x_wconf 89' lang='lat' dir='ltr'>illo,</span> <span class='ocrx_word' id='word_1_115' title='bbox 360 1435 792 1497; x_wconf 88' lang='lat' dir='ltr'>recondiderunt,</span> <span class='ocrx_word' id='word_1_116' title='bbox 824 1435 1093 1502; x_wconf 90' lang='lat' dir='ltr'>pectinem</span> <span class='ocrx_word' id='word_1_117' title='bbox 1119 1435 1323 1486; x_wconf 90' lang='lat' dir='ltr'>scilieet</span> <span class='ocrx_word' id='word_1_118' title='bbox 1353 1435 1648 1486; x_wconf 90' lang='lat' dir='ltr'>eburneum</span> <span class='ocrx_word' id='word_1_119' title='bbox 1675 1441 1727 1486; x_wconf 92' lang='lat' dir='ltr'>et</span> <span class='ocrx_word' id='word_1_120' title='bbox 1754 1435 1998 1502; x_wconf 84' lang='lat' dir='ltr'>forpices,</span> <span class='ocrx_word' id='word_1_121' title='bbox 2028 1454 2137 1487; x_wconf 86' lang='lat' dir='ltr'>suae</span> 
     </span>
     <span class='ocr_line' id='line_1_16' title="bbox 224 1504 2134 1573; baseline 0.002 -20"><span class='ocrx_word' id='word_1_122' title='bbox 224 1504 397 1555; x_wconf 90' lang='lat' dir='ltr'>adhuc</span> <span class='ocrx_word' id='word_1_123' title='bbox 413 1506 663 1557; x_wconf 89' lang='lat' dir='ltr'>novitatis</span> <span class='ocrx_word' id='word_1_124' title='bbox 686 1507 913 1573; x_wconf 86' lang='lat' dir='ltr'>gratiam</span> <span class='ocrx_word' id='word_1_125' title='bbox 933 1507 1223 1558; x_wconf 87' lang='lat' dir='ltr'>retinentes</span> <span class='ocrx_word' id='word_1_126' title='bbox 1240 1528 1254 1568; x_wconf 80' lang='lat'><em>3</em></span> <span class='ocrx_word' id='word_1_127' title='bbox 1285 1512 1354 1569; x_wconf 89' lang='lat' dir='ltr'>et,</span> <span class='ocrx_word' id='word_1_128' title='bbox 1375 1525 1491 1573; x_wconf 83' lang='lat' dir='ltr'>quae</span> <span class='ocrx_word' id='word_1_129' title='bbox 1509 1507 1838 1557; x_wconf 89' lang='lat' dir='ltr'>sacerdotem</span> <span class='ocrx_word' id='word_1_130' title='bbox 1857 1507 2134 1570; x_wconf 89' lang='lat' dir='ltr'>decebant,</span> 
     </span>
     <span class='ocr_line' id='line_1_17' title="bbox 225 1576 2135 1645; baseline 0.002 -20"><span class='ocrx_word' id='word_1_131' title='bbox 225 1576 390 1627; x_wconf 87' lang='lat' dir='ltr'>altare</span> <span class='ocrx_word' id='word_1_132' title='bbox 416 1577 662 1629; x_wconf 89' lang='lat' dir='ltr'>videlicet</span> <span class='ocrx_word' id='word_1_133' title='bbox 690 1584 1021 1645; x_wconf 85' lang='lat' dir='ltr'>argenteum,</span> <span class='ocrx_word' id='word_1_134' title='bbox 1044 1585 1097 1629; x_wconf 90' lang='lat' dir='ltr'>et</span> <span class='ocrx_word' id='word_1_135' title='bbox 1124 1578 1431 1645; x_wconf 88' lang='lat' dir='ltr'>corporalia,</span> <span class='ocrx_word' id='word_1_136' title='bbox 1454 1584 1506 1629; x_wconf 94' lang='lat' dir='ltr'>et</span> <span class='ocrx_word' id='word_1_137' title='bbox 1528 1596 1650 1628; x_wconf 93' lang='lat' dir='ltr'>cum</span> <span class='ocrx_word' id='word_1_138' title='bbox 1676 1585 1871 1645; x_wconf 83' lang='lat' dir='ltr'>patena</span> <span class='ocrx_word' id='word_1_139' title='bbox 1898 1579 2135 1641; x_wconf 88' lang='lat' dir='ltr'>calicem,</span> 
     </span>
     <span class='ocr_line' id='line_1_18' title="bbox 222 1649 2140 1717; baseline 0.002 -20"><span class='ocrx_word' id='word_1_140' title='bbox 222 1665 445 1713; x_wconf 91' lang='lat' dir='ltr'>parvum</span> <span class='ocrx_word' id='word_1_141' title='bbox 477 1649 692 1716; x_wconf 90' lang='lat' dir='ltr'>quidem</span> <span class='ocrx_word' id='word_1_142' title='bbox 718 1650 810 1700; x_wconf 90' lang='lat' dir='ltr'>sed</span> <span class='ocrx_word' id='word_1_143' title='bbox 835 1650 1060 1700; x_wconf 91' lang='lat' dir='ltr'>materia</span> <span class='ocrx_word' id='word_1_144' title='bbox 1090 1656 1143 1700; x_wconf 94' lang='lat' dir='ltr'>et</span> <span class='ocrx_word' id='word_1_145' title='bbox 1173 1667 1329 1716; x_wconf 92' lang='lat' dir='ltr'>opere</span> <span class='ocrx_word' id='word_1_146' title='bbox 1364 1650 1656 1716; x_wconf 90' lang='lat' dir='ltr'>pretiosum</span> <span class='ocrx_word' id='word_1_147' title='bbox 1673 1671 1687 1711; x_wconf 80' lang='lat'>3</span> <span class='ocrx_word' id='word_1_148' title='bbox 1730 1651 1882 1717; x_wconf 81' lang='lat' dir='ltr'>cujus</span> <span class='ocrx_word' id='word_1_149' title='bbox 1919 1650 2140 1701; x_wconf 89' lang='lat' dir='ltr'>inferior</span> 
     </span>
     <span class='ocr_line' id='line_1_19' title="bbox 223 1721 2134 1788; baseline 0.001 -19"><span class='ocrx_word' id='word_1_150' title='bbox 223 1737 343 1785; x_wconf 88' lang='lat' dir='ltr'>pars</span> <span class='ocrx_word' id='word_1_151' title='bbox 365 1721 536 1787; x_wconf 88' lang='lat' dir='ltr'>figura</span> <span class='ocrx_word' id='word_1_152' title='bbox 560 1721 728 1772; x_wconf 89' lang='lat' dir='ltr'>leonis</span> <span class='ocrx_word' id='word_1_153' title='bbox 752 1740 815 1772; x_wconf 82' lang='lat' dir='ltr'>ex</span> <span class='ocrx_word' id='word_1_154' title='bbox 836 1739 964 1772; x_wconf 86' lang='lat' dir='ltr'>auro</span> <span class='ocrx_word' id='word_1_155' title='bbox 990 1721 1275 1788; x_wconf 89' lang='lat' dir='ltr'>purissimo</span> <span class='ocrx_word' id='word_1_156' title='bbox 1302 1727 1475 1788; x_wconf 85' lang='lat' dir='ltr'>gestat</span> <span class='ocrx_word' id='word_1_157' title='bbox 1503 1722 1658 1772; x_wconf 90' lang='lat' dir='ltr'>dorso</span> <span class='ocrx_word' id='word_1_158' title='bbox 1678 1721 1910 1788; x_wconf 89' lang='lat' dir='ltr'>lapidem</span> <span class='ocrx_word' id='word_1_159' title='bbox 1932 1722 2134 1772; x_wconf 87' lang='lat' dir='ltr'>onichi-</span> 
     </span>
     <span class='ocr_line' id='line_1_20' title="bbox 222 1793 2136 1860; baseline 0.002 -20"><span class='ocrx_word' id='word_1_160' title='bbox 222 1809 355 1841; x_wconf 92' lang='lat' dir='ltr'>num</span> <span class='ocrx_word' id='word_1_161' title='bbox 393 1799 504 1843; x_wconf 88' lang='lat' dir='ltr'>arte</span> <span class='ocrx_word' id='word_1_162' title='bbox 539 1793 896 1859; x_wconf 88' lang='lat' dir='ltr'>pulcherrima</span> <span class='ocrx_word' id='word_1_163' title='bbox 931 1800 1194 1855; x_wconf 85' lang='lat' dir='ltr'>cavatum,</span> <span class='ocrx_word' id='word_1_164' title='bbox 1250 1794 1342 1860; x_wconf 90' lang='lat' dir='ltr'>qui</span> <span class='ocrx_word' id='word_1_165' title='bbox 1375 1811 1439 1844; x_wconf 81' lang='lat' dir='ltr'>ex</span> <span class='ocrx_word' id='word_1_166' title='bbox 1474 1793 1655 1844; x_wconf 92' lang='lat' dir='ltr'>studio</span> <span class='ocrx_word' id='word_1_167' title='bbox 1687 1793 1904 1844; x_wconf 86' lang='lat' dir='ltr'>artificis</span> <span class='ocrx_word' id='word_1_168' title='bbox 1944 1794 2021 1844; x_wconf 91' lang='lat' dir='ltr'>ita</span> <span class='ocrx_word' id='word_1_169' title='bbox 2055 1794 2136 1843; x_wconf 89' lang='lat' dir='ltr'>in-</span> 
     </span>
     <span class='ocr_line' id='line_1_21' title="bbox 223 1862 2137 1933; baseline 0.001 -20"><span class='ocrx_word' id='word_1_170' title='bbox 223 1862 389 1914; x_wconf 78' lang='lat' dir='ltr'>haeret</span> <span class='ocrx_word' id='word_1_171' title='bbox 429 1864 588 1926; x_wconf 89' lang='lat' dir='ltr'>leoni,</span> <span class='ocrx_word' id='word_1_172' title='bbox 630 1871 692 1915; x_wconf 89' lang='lat' dir='ltr'>ut</span> <span class='ocrx_word' id='word_1_173' title='bbox 736 1883 901 1915; x_wconf 84' lang='lat' dir='ltr'>manu</span> <span class='ocrx_word' id='word_1_174' title='bbox 941 1865 1096 1915; x_wconf 88' lang='lat' dir='ltr'>facile</span> <span class='ocrx_word' id='word_1_175' title='bbox 1122 1864 1288 1932; x_wconf 90' lang='lat' dir='ltr'>possit</span> <span class='ocrx_word' id='word_1_176' title='bbox 1318 1865 1376 1915; x_wconf 91' lang='lat' dir='ltr'>in</span> <span class='ocrx_word' id='word_1_177' title='bbox 1412 1883 1605 1933; x_wconf 90' lang='lat' dir='ltr'>gyrum</span> <span class='ocrx_word' id='word_1_178' title='bbox 1630 1865 1782 1927; x_wconf 91' lang='lat' dir='ltr'>verti,</span> <span class='ocrx_word' id='word_1_179' title='bbox 1821 1883 1921 1916; x_wconf 94' lang='lat' dir='ltr'>nec</span> <span class='ocrx_word' id='word_1_180' title='bbox 1956 1871 2137 1916; x_wconf 89' lang='lat' dir='ltr'>tamen</span> 
     </span>
     <span class='ocr_line' id='line_1_22' title="bbox 225 1935 2139 2005; baseline 0.001 -20"><span class='ocrx_word' id='word_1_181' title='bbox 225 1935 437 1986; x_wconf 88' lang='lat' dir='ltr'>auferri.</span> <span class='ocrx_word' id='word_1_182' title='bbox 538 1937 703 1986; x_wconf 82' lang='lat' dir='ltr'>Porro</span> <span class='ocrx_word' id='word_1_183' title='bbox 748 1936 1095 2004; x_wconf 86' lang='lat' dir='ltr'>reliquiarum</span> <span class='ocrx_word' id='word_1_184' title='bbox 1146 1942 1453 1987; x_wconf 88' lang='lat' dir='ltr'>sanctarum</span> <span class='ocrx_word' id='word_1_185' title='bbox 1505 1955 1635 2003; x_wconf 89' lang='lat' dir='ltr'>quas</span> <span class='ocrx_word' id='word_1_186' title='bbox 1685 1937 1925 2005; x_wconf 83' lang='lat' dir='ltr'>ejusdem</span> <span class='ocrx_word' id='word_1_187' title='bbox 1975 1938 2139 1988; x_wconf 87' lang='lat' dir='ltr'>loculi</span> 
     </span>
     <span class='ocr_line' id='line_1_23' title="bbox 226 2008 2145 2076; baseline 0.001 -19"><span class='ocrx_word' id='word_1_188' title='bbox 226 2024 348 2057; x_wconf 88' lang='lat' dir='ltr'>cum</span> <span class='ocrx_word' id='word_1_189' title='bbox 374 2008 468 2059; x_wconf 92' lang='lat' dir='ltr'>illo</span> <span class='ocrx_word' id='word_1_190' title='bbox 494 2008 782 2059; x_wconf 89' lang='lat' dir='ltr'>incluserat</span> <span class='ocrx_word' id='word_1_191' title='bbox 807 2008 1120 2076; x_wconf 85' lang='lat' dir='ltr'>hospitium,</span> <span class='ocrx_word' id='word_1_192' title='bbox 1157 2009 1330 2059; x_wconf 91' lang='lat' dir='ltr'>solum</span> <span class='ocrx_word' id='word_1_193' title='bbox 1357 2015 1516 2075; x_wconf 87' lang='lat' dir='ltr'>caput</span> <span class='ocrx_word' id='word_1_194' title='bbox 1551 2009 1694 2059; x_wconf 92' lang='lat' dir='ltr'>beati</span> <span class='ocrx_word' id='word_1_195' title='bbox 1728 2009 1869 2076; x_wconf 89' lang='lat' dir='ltr'>regis</span> <span class='ocrx_word' id='word_1_196' title='bbox 1906 2009 2145 2061; x_wconf 80' lang='lat' dir='ltr'>Osvvaldi-</span> 
     </span>
     <span class='ocr_line' id='line_1_24' title="bbox 219 2078 2136 2147; baseline 0.002 -18"><span class='ocrx_word' id='word_1_197' title='bbox 219 2078 375 2145; x_wconf 85' lang='lat' dir='ltr'>juxta</span> <span class='ocrx_word' id='word_1_198' title='bbox 420 2086 578 2146; x_wconf 91' lang='lat' dir='ltr'>caput</span> <span class='ocrx_word' id='word_1_199' title='bbox 620 2080 838 2147; x_wconf 88' lang='lat' dir='ltr'>gloriosi</span> <span class='ocrx_word' id='word_1_200' title='bbox 876 2080 1161 2147; x_wconf 89' lang='lat' dir='ltr'>pontificis,</span> <span class='ocrx_word' id='word_1_201' title='bbox 1204 2080 1342 2131; x_wconf 90' lang='lat' dir='ltr'>sicut</span> <span class='ocrx_word' id='word_1_202' title='bbox 1383 2087 1436 2131; x_wconf 93' lang='lat' dir='ltr'>et</span> <span class='ocrx_word' id='word_1_203' title='bbox 1478 2087 1601 2131; x_wconf 86' lang='lat' dir='ltr'>ante</span> <span class='ocrx_word' id='word_1_204' title='bbox 1641 2080 1832 2142; x_wconf 87' lang='lat' dir='ltr'>fuerat,</span> <span class='ocrx_word' id='word_1_205' title='bbox 1875 2081 2136 2132; x_wconf 89' lang='lat' dir='ltr'>locarunt.</span> 
     </span>
     <span class='ocr_line' id='line_1_25' title="bbox 224 2151 2141 2219; baseline 0.001 -18"><span class='ocrx_word' id='word_1_206' title='bbox 224 2151 371 2202; x_wconf 90' lang='lat' dir='ltr'>Nam</span> <span class='ocrx_word' id='word_1_207' title='bbox 398 2158 620 2215; x_wconf 86' lang='lat' dir='ltr'>caeterae,</span> <span class='ocrx_word' id='word_1_208' title='bbox 654 2152 790 2203; x_wconf 91' lang='lat' dir='ltr'>sicut</span> <span class='ocrx_word' id='word_1_209' title='bbox 816 2152 1130 2219; x_wconf 76' lang='lat' dir='ltr'>praedictum</span> <span class='ocrx_word' id='word_1_210' title='bbox 1158 2158 1255 2215; x_wconf 90' lang='lat' dir='ltr'>est,</span> <span class='ocrx_word' id='word_1_211' title='bbox 1295 2152 1420 2203; x_wconf 90' lang='lat' dir='ltr'>inde</span> <span class='ocrx_word' id='word_1_212' title='bbox 1447 2152 1616 2214; x_wconf 78' lang='lat' dir='ltr'>elatae,</span> <span class='ocrx_word' id='word_1_213' title='bbox 1658 2152 1785 2203; x_wconf 88' lang='lat' dir='ltr'>alibi</span> <span class='ocrx_word' id='word_1_214' title='bbox 1813 2153 2141 2203; x_wconf 81' lang='lat' dir='ltr'>sollemniter</span> 
     </span>
     <span class='ocr_line' id='line_1_26' title="bbox 227 2224 2140 2290; baseline 0.001 -17"><span class='ocrx_word' id='word_1_215' title='bbox 227 2224 533 2290; x_wconf 80' lang='lat' dir='ltr'>compositae</span> <span class='ocrx_word' id='word_1_216' title='bbox 571 2224 629 2273; x_wconf 88' lang='lat' dir='ltr'>in</span> <span class='ocrx_word' id='word_1_217' title='bbox 664 2224 903 2286; x_wconf 90' lang='lat' dir='ltr'>ecclesia,</span> <span class='ocrx_word' id='word_1_218' title='bbox 943 2224 1224 2275; x_wconf 89' lang='lat' dir='ltr'>celebriter</span> <span class='ocrx_word' id='word_1_219' title='bbox 1248 2230 1587 2275; x_wconf 86' lang='lat' dir='ltr'>reservantur</span> <span class='ocrx_word' id='word_1_220' title='bbox 1611 2224 1864 2290; x_wconf 78' lang='lat' dir='ltr'>reliquiae.</span> <span class='ocrx_word' id='word_1_221' title='bbox 1945 2225 2140 2275; x_wconf 89' lang='lat' dir='ltr'>Clauso</span> 
     </span>
     <span class='ocr_line' id='line_1_27' title="bbox 227 2295 2139 2362; baseline 0.001 -17"><span class='ocrx_word' id='word_1_222' title='bbox 227 2312 354 2362; x_wconf 88' lang='lat' dir='ltr'>ergo</span> <span class='ocrx_word' id='word_1_223' title='bbox 381 2295 437 2345; x_wconf 92' lang='lat' dir='ltr'>in</span> <span class='ocrx_word' id='word_1_224' title='bbox 463 2313 614 2346; x_wconf 91' lang='lat' dir='ltr'>suam</span> <span class='ocrx_word' id='word_1_225' title='bbox 641 2296 852 2346; x_wconf 86' lang='lat' dir='ltr'>thecam</span> <span class='ocrx_word' id='word_1_226' title='bbox 887 2295 1032 2346; x_wconf 91' lang='lat' dir='ltr'>beati</span> <span class='ocrx_word' id='word_1_227' title='bbox 1064 2295 1231 2362; x_wconf 82' lang='lat' dir='ltr'>patris</span> <span class='ocrx_word' id='word_1_228' title='bbox 1267 2313 1501 2362; x_wconf 85' lang='lat' dir='ltr'>corpore,</span> <span class='ocrx_word' id='word_1_229' title='bbox 1545 2314 1662 2346; x_wconf 91' lang='lat' dir='ltr'>eam</span> <span class='ocrx_word' id='word_1_230' title='bbox 1703 2314 1878 2362; x_wconf 90' lang='lat' dir='ltr'>panno</span> <span class='ocrx_word' id='word_1_231' title='bbox 1924 2314 1987 2346; x_wconf 85' lang='lat' dir='ltr'>ex</span> <span class='ocrx_word' id='word_1_232' title='bbox 2027 2297 2139 2347; x_wconf 92' lang='lat' dir='ltr'>lino</span> 
     </span>
     <span class='ocr_line' id='line_1_28' title="bbox 228 2367 2138 2435; baseline 0.001 -19"><span class='ocrx_word' id='word_1_233' title='bbox 228 2367 505 2433; x_wconf 88' lang='lat' dir='ltr'>grossiore,</span> <span class='ocrx_word' id='word_1_234' title='bbox 553 2385 710 2434; x_wconf 90' lang='lat' dir='ltr'>quem</span> <span class='ocrx_word' id='word_1_235' title='bbox 754 2373 931 2417; x_wconf 90' lang='lat' dir='ltr'>totum</span> <span class='ocrx_word' id='word_1_236' title='bbox 970 2385 1089 2417; x_wconf 90' lang='lat' dir='ltr'>cera</span> <span class='ocrx_word' id='word_1_237' title='bbox 1125 2367 1413 2429; x_wconf 84' lang='lat' dir='ltr'>infuderat,</span> <span class='ocrx_word' id='word_1_238' title='bbox 1457 2367 1694 2435; x_wconf 88' lang='lat' dir='ltr'>undique</span> <span class='ocrx_word' id='word_1_239' title='bbox 1736 2367 2138 2430; x_wconf 87' lang='lat' dir='ltr'>circumdatam,</span> 
     </span>
     <span class='ocr_line' id='line_1_29' title="bbox 227 2438 2140 2506; baseline 0.001 -18"><span class='ocrx_word' id='word_1_240' title='bbox 227 2456 395 2506; x_wconf 90' lang='lat' dir='ltr'>usque</span> <span class='ocrx_word' id='word_1_241' title='bbox 430 2445 550 2506; x_wconf 89' lang='lat' dir='ltr'>post</span> <span class='ocrx_word' id='word_1_242' title='bbox 582 2439 765 2501; x_wconf 89' lang='lat' dir='ltr'>altare,</span> <span class='ocrx_word' id='word_1_243' title='bbox 806 2438 899 2489; x_wconf 90' lang='lat' dir='ltr'>ubi</span> <span class='ocrx_word' id='word_1_244' title='bbox 925 2439 1071 2505; x_wconf 86' lang='lat' dir='ltr'>prius</span> <span class='ocrx_word' id='word_1_245' title='bbox 1096 2439 1443 2505; x_wconf 87' lang='lat' dir='ltr'>requieverat,</span> <span class='ocrx_word' id='word_1_246' title='bbox 1484 2439 1803 2501; x_wconf 87' lang='lat' dir='ltr'>retulerunt,</span> <span class='ocrx_word' id='word_1_247' title='bbox 1843 2439 2140 2490; x_wconf 87' lang='lat' dir='ltr'>Dominum</span> 
     </span>
     <span class='ocr_line' id='line_1_30' title="bbox 226 2510 2137 2577; baseline 0.001 -17"><span class='ocrx_word' id='word_1_248' title='bbox 226 2510 488 2561; x_wconf 89' lang='lat' dir='ltr'>virtutum</span> <span class='ocrx_word' id='word_1_249' title='bbox 503 2510 880 2562; x_wconf 88' lang='lat' dir='ltr'>benedicentes</span> <span class='ocrx_word' id='word_1_250' title='bbox 897 2511 952 2560; x_wconf 89' lang='lat' dir='ltr'>in</span> <span class='ocrx_word' id='word_1_251' title='bbox 972 2510 1221 2577; x_wconf 88' lang='lat' dir='ltr'>operibus</span> <span class='ocrx_word' id='word_1_252' title='bbox 1240 2510 1361 2561; x_wconf 84' lang='lat' dir='ltr'>Suis</span> <span class='ocrx_word' id='word_1_253' title='bbox 1368 2532 1382 2572; x_wconf 82' lang='lat'>,-</span> <span class='ocrx_word' id='word_1_254' title='bbox 1415 2510 1524 2562; x_wconf 75' lang='lat' dir='ltr'>Qui</span> <span class='ocrx_word' id='word_1_255' title='bbox 1539 2510 1667 2561; x_wconf 91' lang='lat' dir='ltr'>facit</span> <span class='ocrx_word' id='word_1_256' title='bbox 1683 2510 1948 2562; x_wconf 86' lang='lat' dir='ltr'>mirabilia</span> <span class='ocrx_word' id='word_1_257' title='bbox 1963 2512 2106 2562; x_wconf 89' lang='lat' dir='ltr'>solus</span> <span class='ocrx_word' id='word_1_258' title='bbox 2123 2533 2137 2573; x_wconf 79' lang='lat'>3</span> 
     </span>
     <span class='ocr_line' id='line_1_31' title="bbox 229 2582 2142 2651; baseline 0.001 -18"><span class='ocrx_word' id='word_1_259' title='bbox 229 2584 397 2651; x_wconf 85' lang='lat' dir='ltr'>Cujus</span> <span class='ocrx_word' id='word_1_260' title='bbox 419 2601 615 2649; x_wconf 89' lang='lat' dir='ltr'>magna</span> <span class='ocrx_word' id='word_1_261' title='bbox 634 2600 793 2649; x_wconf 93' lang='lat' dir='ltr'>opera</span> <span class='ocrx_word' id='word_1_262' title='bbox 812 2582 1075 2648; x_wconf 81' lang='lat' dir='ltr'>exquisita</span> <span class='ocrx_word' id='word_1_263' title='bbox 1093 2582 1150 2631; x_wconf 91' lang='lat' dir='ltr'>in</span> <span class='ocrx_word' id='word_1_264' title='bbox 1171 2600 1354 2633; x_wconf 91' lang='lat' dir='ltr'>omnes</span> <span class='ocrx_word' id='word_1_265' title='bbox 1376 2583 1679 2633; x_wconf 89' lang='lat' dir='ltr'>voluntates</span> <span class='ocrx_word' id='word_1_266' title='bbox 1696 2583 1871 2649; x_wconf 66' lang='lat' dir='ltr'>Ejus!</span> <span class='ocrx_word' id='word_1_267' title='bbox 1926 2584 2142 2634; x_wconf 88' lang='lat' dir='ltr'>Interea</span> 
     </span>
     <span class='ocr_line' id='line_1_32' title="bbox 227 2654 2141 2722; baseline 0 -17"><span class='ocrx_word' id='word_1_268' title='bbox 227 2656 567 2722; x_wconf 90' lang='lat' dir='ltr'>promulgato</span> <span class='ocrx_word' id='word_1_269' title='bbox 607 2654 766 2721; x_wconf 88' lang='lat' dir='ltr'>longe</span> <span class='ocrx_word' id='word_1_270' title='bbox 806 2654 1018 2720; x_wconf 90' lang='lat' dir='ltr'>lateque</span> <span class='ocrx_word' id='word_1_271' title='bbox 1044 2660 1282 2705; x_wconf 87' lang='lat' dir='ltr'>venturae</span> <span class='ocrx_word' id='word_1_272' title='bbox 1309 2654 1692 2704; x_wconf 88' lang='lat' dir='ltr'>Translationis</span> <span class='ocrx_word' id='word_1_273' title='bbox 1721 2654 1823 2717; x_wconf 88' lang='lat' dir='ltr'>die,</span> <span class='ocrx_word' id='word_1_274' title='bbox 1865 2654 2052 2722; x_wconf 88' lang='lat' dir='ltr'>ingens</span> <span class='ocrx_word' id='word_1_275' title='bbox 2081 2656 2141 2705; x_wconf 90' lang='lat' dir='ltr'>fit</span> 
     </span>
     <span class='ocr_line' id='line_1_33' title="bbox 227 2726 2140 2794; baseline -0.001 -16"><span class='ocrx_word' id='word_1_276' title='bbox 227 2727 598 2794; x_wconf 90' lang='lat' dir='ltr'>undecumque</span> <span class='ocrx_word' id='word_1_277' title='bbox 650 2726 981 2776; x_wconf 90' lang='lat' dir='ltr'>Dunelmum</span> <span class='ocrx_word' id='word_1_278' title='bbox 1032 2744 1201 2792; x_wconf 92' lang='lat' dir='ltr'>usque</span> <span class='ocrx_word' id='word_1_279' title='bbox 1251 2726 1569 2793; x_wconf 88' lang='lat' dir='ltr'>populorum</span> <span class='ocrx_word' id='word_1_280' title='bbox 1621 2743 1907 2777; x_wconf 89' lang='lat' dir='ltr'>concursus</span> <span class='ocrx_word' id='word_1_281' title='bbox 1929 2748 1944 2789; x_wconf 77' lang='lat'>3</span> <span class='ocrx_word' id='word_1_282' title='bbox 2002 2727 2140 2777; x_wconf 92' lang='lat' dir='ltr'>sicut</span> 
     </span>
     <span class='ocr_line' id='line_1_34' title="bbox 227 2797 2138 2865; baseline 0 -15"><span class='ocrx_word' id='word_1_283' title='bbox 227 2799 447 2850; x_wconf 77' lang='lat' dir='ltr'>diversae</span> <span class='ocrx_word' id='word_1_284' title='bbox 478 2797 754 2865; x_wconf 88' lang='lat' dir='ltr'>dignitatis</span> <span class='ocrx_word' id='word_1_285' title='bbox 781 2803 835 2848; x_wconf 90' lang='lat' dir='ltr'>et</span> <span class='ocrx_word' id='word_1_286' title='bbox 861 2797 1052 2859; x_wconf 74' lang='lat' dir='ltr'>aetatis,</span> <span class='ocrx_word' id='word_1_287' title='bbox 1092 2798 1169 2848; x_wconf 90' lang='lat' dir='ltr'>ita</span> <span class='ocrx_word' id='word_1_288' title='bbox 1203 2804 1256 2848; x_wconf 90' lang='lat' dir='ltr'>et</span> <span class='ocrx_word' id='word_1_289' title='bbox 1296 2797 1657 2865; x_wconf 88' lang='lat' dir='ltr'>professionis,</span> <span class='ocrx_word' id='word_1_290' title='bbox 1698 2798 1965 2849; x_wconf 77' lang='lat' dir='ltr'>saecularis</span> <span class='ocrx_word' id='word_1_291' title='bbox 1998 2799 2138 2850; x_wconf 86' lang='lat' dir='ltr'>vide-</span> 
     </span>
     <span class='ocr_line' id='line_1_35' title="bbox 227 2869 2138 2937; baseline 0.001 -17"><span class='ocrx_word' id='word_1_292' title='bbox 227 2871 353 2922; x_wconf 92' lang='lat' dir='ltr'>licet</span> <span class='ocrx_word' id='word_1_293' title='bbox 382 2870 506 2921; x_wconf 86' lang='lat' dir='ltr'>vitae</span> <span class='ocrx_word' id='word_1_294' title='bbox 546 2876 599 2921; x_wconf 91' lang='lat' dir='ltr'>et</span> <span class='ocrx_word' id='word_1_295' title='bbox 631 2869 939 2936; x_wconf 89' lang='lat' dir='ltr'>spiritualis,</span> <span class='ocrx_word' id='word_1_296' title='bbox 981 2887 1217 2936; x_wconf 86' lang='lat' dir='ltr'>personae</span> <span class='ocrx_word' id='word_1_297' title='bbox 1256 2870 1547 2936; x_wconf 89' lang='lat' dir='ltr'>perplures,</span> <span class='ocrx_word' id='word_1_298' title='bbox 1594 2870 1703 2937; x_wconf 91' lang='lat' dir='ltr'>qui,</span> <span class='ocrx_word' id='word_1_299' title='bbox 1745 2870 1927 2937; x_wconf 89' lang='lat' dir='ltr'>agnito</span> <span class='ocrx_word' id='word_1_300' title='bbox 1965 2870 2138 2921; x_wconf 87' lang='lat' dir='ltr'>incor-</span> 
     </span>
     <span class='ocr_line' id='line_1_36' title="bbox 226 2942 2139 3009; baseline 0 -16"><span class='ocrx_word' id='word_1_301' title='bbox 226 2942 371 3009; x_wconf 90' lang='lat' dir='ltr'>rupti</span> <span class='ocrx_word' id='word_1_302' title='bbox 390 2949 502 2993; x_wconf 87' lang='lat' dir='ltr'>tam</span> <span class='ocrx_word' id='word_1_303' title='bbox 521 2943 683 3008; x_wconf 89' lang='lat' dir='ltr'>longo</span> <span class='ocrx_word' id='word_1_304' title='bbox 703 2948 942 3008; x_wconf 89' lang='lat' dir='ltr'>tempore</span> <span class='ocrx_word' id='word_1_305' title='bbox 964 2942 1196 3008; x_wconf 90' lang='lat' dir='ltr'>eorporis</span> <span class='ocrx_word' id='word_1_306' title='bbox 1217 2942 1492 3004; x_wconf 88' lang='lat' dir='ltr'>miraculo,</span> <span class='ocrx_word' id='word_1_307' title='bbox 1516 2942 1806 3009; x_wconf 90' lang='lat' dir='ltr'>plurimum</span> <span class='ocrx_word' id='word_1_308' title='bbox 1826 2942 1883 2992; x_wconf 91' lang='lat' dir='ltr'>in</span> <span class='ocrx_word' id='word_1_309' title='bbox 1904 2943 2139 2993; x_wconf 89' lang='lat' dir='ltr'>Domino</span> 
     </span>
     <span class='ocr_line' id='line_1_37' title="bbox 225 3013 2139 3080; baseline -0.001 -15"><span class='ocrx_word' id='word_1_310' title='bbox 225 3014 509 3076; x_wconf 71' lang='lat' dir='ltr'>laetantur,</span> <span class='ocrx_word' id='word_1_311' title='bbox 564 3014 737 3080; x_wconf 88' lang='lat' dir='ltr'>Eique</span> <span class='ocrx_word' id='word_1_312' title='bbox 770 3013 944 3063; x_wconf 90' lang='lat' dir='ltr'>laudis</span> <span class='ocrx_word' id='word_1_313' title='bbox 984 3019 1038 3063; x_wconf 92' lang='lat' dir='ltr'>et</span> <span class='ocrx_word' id='word_1_314' title='bbox 1079 3013 1371 3079; x_wconf 86' lang='lat' dir='ltr'>gratiarum</span> <span class='ocrx_word' id='word_1_315' title='bbox 1413 3014 1621 3064; x_wconf 88' lang='lat' dir='ltr'>actione</span> <span class='ocrx_word' id='word_1_316' title='bbox 1661 3013 1886 3076; x_wconf 88' lang='lat' dir='ltr'>reddita,</span> <span class='ocrx_word' id='word_1_317' title='bbox 1927 3033 2023 3064; x_wconf 90' lang='lat' dir='ltr'>sua</span> <span class='ocrx_word' id='word_1_318' title='bbox 2053 3033 2139 3065; x_wconf 82' lang='lat' dir='ltr'>ex-</span> 
     </span>
     <span class='ocr_line' id='line_1_38' title="bbox 227 3085 2142 3152; baseline -0.001 -15"><span class='ocrx_word' id='word_1_319' title='bbox 227 3086 405 3137; x_wconf 88' lang='lat' dir='ltr'>ultant</span> <span class='ocrx_word' id='word_1_320' title='bbox 448 3092 689 3152; x_wconf 88' lang='lat' dir='ltr'>tempora</span> <span class='ocrx_word' id='word_1_321' title='bbox 732 3091 897 3136; x_wconf 86' lang='lat' dir='ltr'>tantae</span> <span class='ocrx_word' id='word_1_322' title='bbox 939 3085 1150 3135; x_wconf 89' lang='lat' dir='ltr'>virtutis</span> <span class='ocrx_word' id='word_1_323' title='bbox 1194 3085 1498 3136; x_wconf 91' lang='lat' dir='ltr'>ostensione</span> <span class='ocrx_word' id='word_1_324' title='bbox 1538 3085 1757 3136; x_wconf 87' lang='lat' dir='ltr'>visitari.</span> <span class='ocrx_word' id='word_1_325' title='bbox 1849 3086 2003 3136; x_wconf 90' lang='lat' dir='ltr'>Inter</span> <span class='ocrx_word' id='word_1_326' title='bbox 2044 3087 2142 3139; x_wconf 89' lang='lat' dir='ltr'>hos</span> 
     </span>
     <span class='ocr_line' id='line_1_39' title="bbox 229 3156 2143 3224; baseline 0.001 -17"><span class='ocrx_word' id='word_1_327' title='bbox 229 3158 462 3224; x_wconf 87' lang='lat' dir='ltr'>quidam,</span> <span class='ocrx_word' id='word_1_328' title='bbox 502 3175 565 3208; x_wconf 85' lang='lat' dir='ltr'>ex</span> <span class='ocrx_word' id='word_1_329' title='bbox 600 3174 825 3208; x_wconf 89' lang='lat' dir='ltr'>numero</span> <span class='ocrx_word' id='word_1_330' title='bbox 858 3156 1113 3207; x_wconf 90' lang='lat' dir='ltr'>abbatum</span> <span class='ocrx_word' id='word_1_331' title='bbox 1145 3157 1235 3223; x_wconf 90' lang='lat' dir='ltr'>qui</span> <span class='ocrx_word' id='word_1_332' title='bbox 1267 3157 1606 3219; x_wconf 90' lang='lat' dir='ltr'>advenerant,</span> <span class='ocrx_word' id='word_1_333' title='bbox 1646 3157 1703 3207; x_wconf 91' lang='lat' dir='ltr'>in</span> <span class='ocrx_word' id='word_1_334' title='bbox 1741 3157 1822 3207; x_wconf 89' lang='lat' dir='ltr'>his</span> <span class='ocrx_word' id='word_1_335' title='bbox 1855 3175 1971 3224; x_wconf 88' lang='lat' dir='ltr'>quae</span> <span class='ocrx_word' id='word_1_336' title='bbox 2002 3158 2143 3209; x_wconf 89' lang='lat' dir='ltr'>facta</span> 
     </span>
     <span class='ocr_line' id='line_1_40' title="bbox 227 3227 2138 3296; baseline 0 -17"><span class='ocrx_word' id='word_1_337' title='bbox 227 3229 440 3279; x_wconf 86' lang='lat' dir='ltr'>fuerant</span> <span class='ocrx_word' id='word_1_338' title='bbox 482 3228 737 3295; x_wconf 84' lang='lat' dir='ltr'>injuriam</span> <span class='ocrx_word' id='word_1_339' title='bbox 778 3227 877 3278; x_wconf 88' lang='lat' dir='ltr'>sibi</span> <span class='ocrx_word' id='word_1_340' title='bbox 918 3228 1346 3279; x_wconf 88' lang='lat' dir='ltr'>calumniabatur</span> <span class='ocrx_word' id='word_1_341' title='bbox 1382 3229 1588 3279; x_wconf 91' lang='lat' dir='ltr'>illatam</span> <span class='ocrx_word' id='word_1_342' title='bbox 1605 3250 1619 3290; x_wconf 79' lang='lat'>3</span> <span class='ocrx_word' id='word_1_343' title='bbox 1675 3246 1903 3295; x_wconf 86' lang='lat' dir='ltr'>arguens</span> <span class='ocrx_word' id='word_1_344' title='bbox 1941 3229 2138 3296; x_wconf 87' lang='lat' dir='ltr'>impro-</span> 
     </span>
     <span class='ocr_line' id='line_1_41' title="bbox 227 3299 2139 3367; baseline 0.001 -17"><span class='ocrx_word' id='word_1_345' title='bbox 227 3300 361 3351; x_wconf 85' lang='lat' dir='ltr'>vidae</span> <span class='ocrx_word' id='word_1_346' title='bbox 380 3299 698 3350; x_wconf 89' lang='lat' dir='ltr'>temeritatis</span> <span class='ocrx_word' id='word_1_347' title='bbox 720 3299 910 3350; x_wconf 89' lang='lat' dir='ltr'>fratres</span> <span class='ocrx_word' id='word_1_348' title='bbox 931 3300 1182 3363; x_wconf 75' lang='lat' dir='ltr'>ecclesiae,</span> <span class='ocrx_word' id='word_1_349' title='bbox 1211 3300 1320 3367; x_wconf 91' lang='lat' dir='ltr'>qui,</span> <span class='ocrx_word' id='word_1_350' title='bbox 1349 3318 1404 3351; x_wconf 92' lang='lat' dir='ltr'>se</span> <span class='ocrx_word' id='word_1_351' title='bbox 1424 3300 1728 3351; x_wconf 91' lang='lat' dir='ltr'>inconsulto</span> <span class='ocrx_word' id='word_1_352' title='bbox 1754 3318 1854 3351; x_wconf 91' lang='lat' dir='ltr'>nec</span> <span class='ocrx_word' id='word_1_353' title='bbox 1881 3301 2139 3362; x_wconf 90' lang='lat' dir='ltr'>adhibito,</span> 
     </span>
     <span class='ocr_line' id='line_1_42' title="bbox 226 3371 2141 3439; baseline -0.001 -16"><span class='ocrx_word' id='word_1_354' title='bbox 226 3372 335 3423; x_wconf 91' lang='lat' dir='ltr'>tale</span> <span class='ocrx_word' id='word_1_355' title='bbox 360 3378 579 3438; x_wconf 89' lang='lat' dir='ltr'>tamque</span> <span class='ocrx_word' id='word_1_356' title='bbox 604 3371 881 3421; x_wconf 90' lang='lat' dir='ltr'>insolitum</span> <span class='ocrx_word' id='word_1_357' title='bbox 907 3389 1036 3438; x_wconf 91' lang='lat' dir='ltr'>opus</span> <span class='ocrx_word' id='word_1_358' title='bbox 1062 3389 1156 3438; x_wconf 90' lang='lat' dir='ltr'>per</span> <span class='ocrx_word' id='word_1_359' title='bbox 1181 3390 1235 3422; x_wconf 94' lang='lat' dir='ltr'>se</span> <span class='ocrx_word' id='word_1_360' title='bbox 1263 3372 1377 3422; x_wconf 91' lang='lat' dir='ltr'>ausi</span> <span class='ocrx_word' id='word_1_361' title='bbox 1402 3371 1628 3423; x_wconf 90' lang='lat' dir='ltr'>fuissent</span> <span class='ocrx_word' id='word_1_362' title='bbox 1656 3372 1889 3439; x_wconf 87' lang='lat' dir='ltr'>aggredi.</span> <span class='ocrx_word' id='word_1_363' title='bbox 1970 3373 2141 3438; x_wconf 91' lang='lat' dir='ltr'>Opor-</span> 
     </span>
     <span class='ocr_line' id='line_1_43' title="bbox 216 3441 2144 3510; baseline -0.001 -16"><span class='ocrx_word' id='word_1_364' title='bbox 216 3450 340 3494; x_wconf 84' lang='lat' dir='ltr'>tere</span> <span class='ocrx_word' id='word_1_365' title='bbox 375 3460 605 3509; x_wconf 89' lang='lat' dir='ltr'>namque</span> <span class='ocrx_word' id='word_1_366' title='bbox 637 3441 812 3492; x_wconf 86' lang='lat' dir='ltr'>aiebat</span> <span class='ocrx_word' id='word_1_367' title='bbox 847 3460 917 3504; x_wconf 93' lang='lat' dir='ltr'>se,</span> <span class='ocrx_word' id='word_1_368' title='bbox 962 3460 1084 3493; x_wconf 92' lang='lat' dir='ltr'>cum</span> <span class='ocrx_word' id='word_1_369' title='bbox 1110 3443 1317 3494; x_wconf 91' lang='lat' dir='ltr'>vicinus</span> <span class='ocrx_word' id='word_1_370' title='bbox 1348 3450 1502 3506; x_wconf 92' lang='lat' dir='ltr'>esset,</span> <span class='ocrx_word' id='word_1_371' title='bbox 1544 3444 1791 3494; x_wconf 86' lang='lat' dir='ltr'>futurum</span> <span class='ocrx_word' id='word_1_372' title='bbox 1823 3443 1980 3510; x_wconf 83' lang='lat' dir='ltr'>hujus</span> <span class='ocrx_word' id='word_1_373' title='bbox 2015 3443 2144 3493; x_wconf 88' lang='lat' dir='ltr'>facti</span> 
     </span>
     <span class='ocr_line' id='line_1_44' title="bbox 226 3513 2141 3582; baseline -0.001 -17"><span class='ocrx_word' id='word_1_374' title='bbox 226 3515 538 3582; x_wconf 88' lang='lat' dir='ltr'>participem</span> <span class='ocrx_word' id='word_1_375' title='bbox 560 3513 832 3575; x_wconf 85' lang='lat' dir='ltr'>advocari</span> <span class='ocrx_word' id='word_1_376' title='bbox 870 3513 1018 3580; x_wconf 89' lang='lat' dir='ltr'>cujus</span> <span class='ocrx_word' id='word_1_377' title='bbox 1048 3515 1337 3565; x_wconf 88' lang='lat' dir='ltr'>assertione</span> <span class='ocrx_word' id='word_1_378' title='bbox 1363 3515 1734 3565; x_wconf 87' lang='lat' dir='ltr'>testimonium</span> <span class='ocrx_word' id='word_1_379' title='bbox 1755 3514 1993 3565; x_wconf 88' lang='lat' dir='ltr'>veritatis</span> <span class='ocrx_word' id='word_1_380' title='bbox 2022 3532 2141 3581; x_wconf 87' lang='lat' dir='ltr'>pos-</span> 
     </span>
    </p>
   </div>
   <div class='ocr_carea' id='block_1_3' title="bbox 568 3671 1859 3777">
    <p class='ocr_par' dir='ltr' id='par_1_3' title="bbox 568 3671 1859 3777">
     <span class='ocr_line' id='line_1_45' title="bbox 568 3671 1809 3724; baseline 0 -11"><span class='ocrx_word' id='word_1_381' title='bbox 568 3681 581 3698; x_wconf 79' lang='lat'>&#39;</span> <span class='ocrx_word' id='word_1_382' title='bbox 610 3672 681 3713; x_wconf 81' lang='lat' dir='ltr'>An</span> <span class='ocrx_word' id='word_1_383' title='bbox 702 3671 944 3724; x_wconf 79' lang='lat' dir='ltr'>adaptation</span> <span class='ocrx_word' id='word_1_384' title='bbox 965 3672 1073 3712; x_wconf 87' lang='lat' dir='ltr'>from</span> <span class='ocrx_word' id='word_1_385' title='bbox 1094 3673 1248 3713; x_wconf 80' lang='lat' dir='ltr'>several</span> <span class='ocrx_word' id='word_1_386' title='bbox 1268 3686 1458 3724; x_wconf 83' lang='lat' dir='ltr'>passages</span> <span class='ocrx_word' id='word_1_387' title='bbox 1478 3672 1521 3713; x_wconf 88' lang='lat' dir='ltr'>in</span> <span class='ocrx_word' id='word_1_388' title='bbox 1543 3673 1615 3712; x_wconf 80' lang='lat' dir='ltr'>the</span> <span class='ocrx_word' id='word_1_389' title='bbox 1635 3672 1809 3714; x_wconf 58' lang='lat' dir='ltr'>Psalms.</span> 
     </span>
     <span class='ocr_line' id='line_1_46' title="bbox 1829 3746 1859 3777; baseline 0 0"><span class='ocrx_word' id='word_1_390' title='bbox 1829 3746 1859 3777; x_wconf 90' lang='lat' dir='ltr'><em>O</em></span> 
     </span>
    </p>
   </div>
  </div>
 </body>
</html>
