2384 4126
833 386 1091 420 HISTORIA
1132 386 1343 420 REGUM.
1982 371 2052 420 47

130 518 183 563 et
223 512 628 579 promissionem
667 512 905 580 pecuniae
943 517 1271 579 spernenteS,
1311 510 1494 580 paucis
1533 510 1720 562 diebus
1759 509 2053 561 extiterunt

132 584 314 650 quieti.
394 584 516 647 Sed,
545 602 576 635 o
601 584 781 635 nefas!
823 591 995 635 totam
1035 584 1351 635 orientalem
1389 583 1604 651 plagam
1632 582 1840 633 Cantiae
1879 582 2054 648 gentis

128 655 433 723 depopulati
471 662 612 708 sunt.
691 656 945 707 Sciebant
973 657 1230 723 majorem
1259 655 1540 724 pecuniam
1569 673 1624 706 se
1650 654 1851 705 furtiva
1877 652 2081 720 praeda.

130 746 287 794 quam
314 745 442 796 pace
470 728 769 795 adepturOS,
799 728 939 796 quod
967 734 1020 779 et
1045 728 1249 779 factum
1277 733 1397 779 est.⁰

952 903 1231 938 DCCCLXVI.

240 989 498 1057 Sequenti
541 1006 664 1040 vero
710 1006 867 1051 anno,
913 987 1016 1038 hoc
1061 992 1142 1037 est
1194 985 1476 1053 Dccc.lxvj,
1523 984 1820 1035 nativitatis
1872 990 2050 1036 autem

128 1061 335 1112 Elfredi
373 1061 517 1129 xviij,
558 1060 833 1123 Ethelred,
872 1060 1038 1110 frater
1072 1058 1382 1125 Ethelbyrti
1419 1057 1580 1124 regis,
1620 1057 2051 1108 Occidentalium

132 1134 403 1184 Saxonum
453 1133 607 1199 regni
658 1131 1021 1199 gubernacula
1066 1130 1314 1197 suscepit.
1407 1129 1611 1180 Eodem
1665 1147 1805 1180 anno
1856 1147 2052 1196 magna

130 1206 467 1272 Paganorum
496 1204 676 1255 classis
704 1204 768 1255 de
795 1203 1047 1254 Danubia
1074 1202 1369 1254 Britanniae
1395 1202 1529 1253 fines
1554 1201 1781 1263 introiit,
1810 1207 1863 1252 et
1884 1201 1958 1252 sic
1985 1201 2051 1252 ad

129 1294 356 1344 regnum
383 1276 742 1327 Orientalium
768 1275 1085 1342 Anglorum,
1123 1274 1265 1341 quod
1305 1274 1567 1324 Saxonico
1603 1273 1799 1323 dicitur
1840 1273 2051 1340 eloquio

129 1349 480 1415 East-Engle,
520 1348 792 1411 hiemavit,
831 1347 1011 1413 ibique
1048 1347 1161 1413 ipse
1200 1345 1441 1413 copiosus
1481 1345 1745 1396 exercitus
1790 1345 2051 1412 equestris

127 1420 300 1471 factus
339 1426 436 1483 est,
477 1420 778 1487 equitantes
823 1426 876 1470 et
921 1419 1279 1469 discurrentes
1323 1417 1424 1468 hac
1464 1417 1606 1479 illac,
1647 1417 1881 1484 praedam
1921 1417 2048 1467 diri-

130 1492 337 1559 pientes
364 1509 653 1554 enormem,
682 1509 791 1542 non
816 1496 1094 1558 parcentes
1113 1489 1257 1553 viriS,
1277 1489 1363 1541 vel
1382 1489 1612 1552 feminis,
1634 1489 1718 1539 vel
1737 1489 1928 1552 viduiS,
1950 1507 2050 1540 nec

130 1563 445 1630 virginibus.

240 1635 342 1685 His
384 1634 570 1686 diebus
613 1633 865 1685 Elfredus
909 1633 1035 1683 clito
1071 1632 1191 1700 jugi
1236 1631 1587 1683 meditatione
1634 1631 1794 1698 coepit
1838 1632 2049 1683 Divinis

127 1706 298 1757 imbui
338 1706 612 1767 doctrinis,
652 1705 742 1772 qui
782 1704 918 1754 miro
956 1704 1123 1771 patris
1156 1704 1445 1770 matrisque
1474 1721 1652 1754 amore
1679 1722 1839 1770 supra
1864 1722 2050 1755 omnes

124 1778 315 1829 fratres
360 1796 482 1828 suos
523 1778 588 1828 ab
630 1777 757 1844 ipsis
784 1776 1106 1843 diligebatur
1133 1775 1428 1826 cunabulis.
1507 1776 1794 1826 Crescente
1822 1775 2050 1843 denique

127 1850 220 1900 illo
247 1867 462 1917 corpore
487 1849 544 1900 in
571 1849 763 1917 puerili
789 1854 963 1911 aetate,
1003 1847 1176 1898 forma
1210 1848 1415 1898 caeteris
1446 1847 1554 1898 suis
1579 1847 1832 1898 fratribus
1860 1848 2049 1899 decen-

125 1921 230 1972 tior
273 1922 570 1984 videbatur,
623 1921 882 1987 vultuque
926 1920 1152 1987 insignis
1195 1919 1461 1971 renitebat
1512 1925 1566 1970 et
1617 1919 1788 1971 verbis
1842 1920 2051 1971 refulsit

127 1993 371 2061 egregiis.
449 1993 677 2044 Cervino
719 2010 928 2060 quoque
969 1992 1231 2043 desiderio
1266 1991 1526 2043 aestuabat
1562 1992 1644 2042 sui
1685 1992 1857 2042 cordis
1887 2010 2047 2060 pene-

123 2065 281 2116 tralia
307 2065 560 2128 suffundi,
601 2071 654 2116 et
684 2065 984 2115 thalamum
1017 2064 1249 2131 pectoris
1275 2064 1437 2114 sacris
1462 2064 1632 2115 literis
1657 2064 1845 2115 imbui.
1924 2065 2048 2127 Sed,

124 2155 220 2204 pro
247 2137 397 2188 dolor
420 2137 429 2187 !
472 2144 752 2204 parentum
781 2154 841 2187 ac
866 2136 1195 2187 nutritorum
1220 2136 1427 2186 incuria
1445 2136 1732 2187 illiteratus
1759 2138 2051 2203 permansit

124 2227 291 2276 usque
334 2209 399 2260 ad
445 2209 818 2260 duodecimum
859 2226 968 2259 suae
1012 2208 1186 2258 aetatis
1237 2226 1453 2258 annum.
1534 2207 1797 2258 Saxonica
1842 2226 2050 2275 quoque

125 2285 371 2349 po‘e‘mata
398 2281 658 2348 gloriosus
685 2280 990 2331 adolescens
1017 2286 1070 2331 et
1096 2280 1310 2330 futurus
1330 2297 1422 2330 rex
1444 2278 1528 2330 die
1554 2285 1821 2346 noctuque
1849 2280 2051 2331 discere

126 2353 349 2416 studuit,
391 2359 608 2420 eratque
654 2352 856 2414 docilis,
895 2352 953 2401 in
998 2357 1111 2402 arte
1150 2351 1425 2402 venatoria
1473 2351 1749 2413 industris,
1794 2351 1851 2401 in
1901 2353 2048 2403 omni

124 2425 317 2492 peritia
355 2424 802 2491 incomparabilis,
880 2424 1019 2474 Cum
1060 2440 1186 2490 ergo
1221 2422 1450 2490 quadarn
1482 2422 1567 2474 die
1594 2424 1707 2490 ejus
1734 2423 2049 2489 dignissima

126 2497 357 2564 genitrix
395 2496 497 2547 sibi
531 2502 585 2547 et
622 2496 876 2547 fratribus
917 2495 1026 2545 suis
1064 2494 1330 2562 quendam
1374 2494 1698 2545 Saxonicum
1735 2496 2047 2562 poematicae

126 2568 255 2619 artis
295 2569 495 2619 librum
536 2567 859 2630 ostenderet,
901 2567 974 2617 ait
1001 2567 1092 2630 eis,
1134 2572 1169 2594 “
1189 2566 1463 2634 Quisquis,
1505 2566 1765 2617 carissimi
1791 2567 1904 2630 filii,
1932 2586 2045 2619 ves-

124 2646 270 2691 trum
310 2640 475 2691 istum
519 2640 754 2707 potuerit
799 2639 1034 2690 codicem
1085 2638 1241 2689 citius
1276 2638 1495 2701 discere,
1537 2638 1674 2689 dabo
1719 2638 1768 2690 ei
1811 2639 2044 2706 ipsum.''

123 2713 200 2763 At
243 2712 353 2775 ille,
393 2712 589 2762 Divina
632 2711 980 2778 inspiratione
1023 2710 1329 2773 instinctus,
1370 2716 1423 2762 et
1466 2710 1866 2777 pulchritudine
1900 2712 2045 2778 prin-

126 2784 309 2851 cipalis
354 2784 521 2834 literae
560 2784 901 2845 exhilaratus,
941 2783 1019 2833 ita
1054 2782 1214 2833 matri
1239 2782 1529 2849 respondit.
1609 2783 1929 2846 “Verene,'’
1971 2784 2046 2835 sic

126 2856 201 2906 ait
240 2856 401 2906 matri
441 2874 564 2918 suae,
618 2855 820 2906 “dabis
840 2855 901 2906 ‘?”
992 2854 1080 2905 Ad
1119 2855 1232 2906 haec
1275 2854 1370 2905 illa
1414 2854 1653 2905 arridens
1704 2860 1757 2906 et
1809 2855 2046 2922 gaudens

125 2938 283 2994 atque
325 2929 609 2991 affirmans,
651 2926 913 2989 “Dab0,”
958 2926 1151 2994 inquit,
1193 2926 1441 2977 “dabo''
1518 2927 1652 2977 Mox
1696 2933 1876 2978 autem
1919 2928 2046 2978 tulit

122 2999 321 3050 librum
362 2999 426 3051 de
472 3017 635 3050 manu
678 3017 785 3051 suae
827 2998 1116 3066 genitricis,
1155 2998 1477 3065 magistrum
1504 2998 1651 3061 adiit,
1690 2998 1934 3050 libellum
1961 3017 2044 3050 os-

122 3071 314 3134 tendit,
355 3077 409 3122 et
434 3071 565 3138 legit
591 3078 912 3138 praeceptore
939 3070 1272 3121 ostendente.
1349 3071 1478 3121 Post
1505 3070 1737 3137 spatium
1763 3088 1872 3121 non
1898 3071 2046 3139 longi

122 3143 378 3209 temporis
402 3143 549 3194 venit
576 3150 699 3195 ante
737 3142 1075 3210 praesentiam
1117 3142 1325 3193 dilectae
1359 3142 1564 3205 matris,
1603 3142 1908 3209 librumque
1934 3162 2045 3195 me-

123 3214 343 3266 moriter
381 3214 641 3266 recitavit.
719 3215 845 3282 Ipsa
869 3232 993 3266 vero
1026 3220 1203 3280 grates
1235 3214 1526 3265 immensas
1550 3214 1726 3265 reddit
1755 3215 2046 3267 Salvatoris

126 3286 327 3351 gratiae,
368 3304 658 3353 agnoscens
704 3286 931 3353 gratiam
983 3286 1087 3337 Dei
1138 3304 1250 3337 esse
1294 3286 1353 3336 in
1395 3292 1577 3337 mente
1612 3287 1839 3354 juvenis.
1917 3288 2045 3338 Post

124 3355 237 3407 haec
270 3357 632 3408 inflammatus
666 3358 850 3409 Divini
886 3358 1079 3408 amoris
1114 3357 1376 3409 desiderio
1409 3358 1639 3425 psalmos
1674 3358 2043 3425 perplurimos,

128 3443 444 3495 cursumque
476 3429 745 3493 diurnum,
783 3430 839 3480 id
875 3435 954 3481 est
986 3429 1370 3481 celebrationes
1402 3429 1671 3492 horarum,
1712 3430 1899 3480 didicit
1933 3430 2044 3497 ipse

129 3496 365 3560 devotuS,
394 3517 524 3566 quos
548 3501 606 3549 in
631 3518 738 3552 uno
764 3501 1034 3552 volumine
1061 3508 1411 3568 congregatos
1438 3501 1522 3560 die
1547 3507 1816 3567 noctuque
1841 3501 1898 3550 in
1925 3502 2046 3550 sinu

129 3585 223 3618 suo
266 3568 689 3636 inseparabiliter
728 3572 991 3639 portabat.
1070 3573 1117 3624 O
1158 3572 1288 3624 felix
1321 3573 1602 3624 hominum
1629 3572 1827 3639 genus!
1871 3573 1918 3623 O
1953 3590 2045 3622 rex

924 3691 939 3707 ⁰
969 3683 1098 3723 From
1119 3683 1259 3724 Asser.
