2384 4126
1989 424 2010 437 h-

811 438 1067 471 HISTORIA
1105 438 1314 471 REGUM.
1985 439 2015 472 D

106 561 309 613 tatione
335 562 606 614 acerrima.
688 563 838 614 Tunc
869 562 1142 614 celerrime
1169 562 1335 613 ascito
1361 562 1500 613 tanti
1526 562 1763 612 criminis
1802 569 2014 614 auctore

106 633 405 684 sciscitatur
430 652 533 701 qua
550 634 727 685 forent
751 634 1034 701 propinqui
1060 634 1142 684 sui
1160 634 1319 700 positi
1343 633 1574 700 regionis
1599 633 2012 701 longinquitate,

105 722 330 770 quorum
350 723 458 756 non
476 706 752 757 fruebatur
777 706 1071 773 praesentiae
1096 705 1281 756 inclita
1299 705 1713 772 pulchritudine.
1779 705 2011 772 Iniquis-

104 775 237 825 simo
278 794 403 827 sane
447 777 632 828 surdas
674 777 758 827 his
806 776 1184 844 punctionibus
1229 795 1380 827 aures
1431 776 1699 844 praebente
1750 777 2011 839 carnifice,

106 853 264 913 atque
300 848 434 898 Cain
467 866 594 899 voce
632 848 858 916 superbo
893 849 1089 899 mentis
1124 848 1405 916 supercilio
1440 867 1495 899 se
1532 848 1737 899 nescire
1774 847 2011 914 turpiore

104 918 440 983 grunniente,
492 920 689 971 minaci
731 920 901 982 vultu,
940 920 1132 987 quippe
1172 926 1233 970 ut
1270 920 1583 986 perterritus
1627 919 1836 970 Divinae
1878 919 2012 970 lucis

104 989 363 1053 claritate,
405 991 454 1041 ei
479 991 648 1042 fertur
672 991 802 1042 talia
826 992 1172 1042 inculcavisse
1188 1013 1202 1053 3
1247 996 1280 1019 “
1298 992 1378 1042 Tu
1413 991 1546 1042 mihi
1579 991 1809 1058 plurima
1844 991 1908 1041 de
1936 991 2011 1041 eis

103 1077 309 1127 semper
352 1063 734 1113 sermocinatus
779 1081 834 1114 es
876 1063 1031 1114 bonis
1076 1063 1356 1125 contraria,
1409 1069 1471 1113 tu
1515 1063 1579 1114 de
1624 1080 1808 1113 eorum
1852 1062 2011 1113 exilio

101 1132 260 1195 mala,
300 1139 359 1183 tu
392 1133 456 1184 de
486 1134 837 1186 internicione
867 1134 1087 1198 nefaria,
1126 1141 1188 1185 tu
1215 1134 1464 1186 adversus
1490 1152 1579 1185 eos
1603 1134 1777 1185 multa
1800 1134 2008 1184 morde-

100 1202 243 1254 baris
282 1204 506 1256 insania.
582 1206 702 1257 Tibi
739 1206 968 1273 pleniter
1002 1224 1248 1257 enarrare
1283 1212 1477 1257 nostrae
1505 1206 1754 1257 sollertiae
1779 1211 2007 1272 oportet,

100 1275 440 1342 nequissime,
487 1278 715 1345 qualiter
756 1278 1097 1329 inveniantur
1148 1296 1277 1344 quos
1322 1278 1468 1344 gravi
1510 1277 1857 1328 insectabaris
1901 1277 2010 1327 odii

100 1346 229 1409 zelo,
270 1354 517 1415 corrupta
553 1350 789 1400 mente.”
865 1350 952 1399 Ad
991 1350 1103 1400 haec
1142 1349 1232 1401 ille
1276 1350 1492 1400 furcifer
1533 1349 1743 1400 sentina
1786 1348 2007 1399 malitiae

99 1417 341 1469 faetidus:
386 1420 551 1471 “Sub
588 1421 751 1484 tuae,''
786 1421 978 1488 inquit,
1015 1425 1278 1471 “mortua
1316 1439 1498 1471 eorum
1531 1422 1713 1488 jacent
1755 1420 2010 1471 cadavera

97 1489 215 1540 loco
242 1491 380 1541 sedis
407 1491 652 1542 domus.'’
728 1493 980 1559 Princeps
1020 1492 1145 1559 quid
1178 1494 1396 1559 ageret?
1472 1492 1753 1543 Perculsus
1778 1510 2008 1558 namque

97 1560 305 1612 timoris
354 1562 562 1629 ingenti
611 1564 842 1626 turbine,
899 1564 1022 1631 quia
1070 1564 1127 1613 in
1175 1570 1326 1630 parte
1374 1563 1724 1630 torquebatur
1772 1563 2009 1613 mordaci

97 1633 307 1683 macula
328 1634 424 1684 alis
445 1635 796 1696 conscientiae,
820 1635 947 1685 dum
972 1635 1182 1685 fortiter
1207 1653 1316 1685 non
1334 1635 1534 1685 restitit
1557 1634 1973 1685 bonitatishosti
1990 1656 2005 1696 3

97 1709 151 1754 et
176 1704 299 1770 quia
319 1705 585 1757 vindicare
605 1706 860 1772 nequibat
882 1706 1021 1772 quod
1047 1712 1318 1772 peractum
1347 1706 1543 1772 injuste
1569 1706 1759 1768 fuerat,
1789 1712 2007 1771 stupens

94 1774 406 1838 inhaerebat,
445 1777 501 1827 in
541 1784 905 1844 quantumque
939 1783 1147 1844 poterat
1187 1777 1496 1844 poenitebat.
1579 1778 1787 1827 Aurora
1827 1777 2007 1843 itaque

96 1846 203 1897 diei
227 1847 383 1898 terris
409 1848 767 1911 illucescente,
792 1850 1093 1899 convocatis
1121 1849 1311 1915 quibus
1334 1849 1399 1899 ad
1418 1867 1650 1916 praesens
1676 1848 2009 1898 innitebatur

96 1918 396 1982 comitibus,
442 1920 697 1987 regnique
742 1921 824 1971 sui
863 1921 1191 1987 principibus
1237 1939 1358 1971 cum
1398 1920 1672 1987 episcopis,
1718 1920 1776 1969 in
1816 1919 2006 1986 quibus

95 1991 523 2056 supereminebat
559 1992 899 2059 archipraesul
937 1992 1356 2043 Dorovernensis
1388 1992 1573 2042 multae
1604 1991 1878 2042 beatitatis
1909 1992 2005 2054 vir,

92 2062 347 2113 vocabulo
368 2064 708 2126 Deus-dedit,
732 2064 796 2114 ad
821 2065 1000 2115 locum
1026 2064 1366 2132 praefatorum
1394 2064 1741 2115 innocentum
1769 2063 2008 2114 concitus

92 2134 284 2200 pergit,
324 2140 519 2186 terram
557 2136 860 2186 suffossorio
896 2136 1094 2197 avellit,
1135 2154 1456 2202 corporaque
1492 2135 1825 2186 sanctissima
1855 2135 2005 2185 inde-

92 2212 274 2256 center
293 2207 540 2273 jugulata
568 2225 626 2257 ac
652 2208 932 2258 inhoneste
966 2207 1181 2258 condita
1207 2207 1425 2274 detegit.
1506 2208 1632 2257 Heu
1660 2225 1819 2273 quam
1846 2207 2005 2256 surda

93 2294 217 2328 aure
243 2284 373 2329 tunc
399 2279 594 2330 mentis
622 2279 862 2329 constitit
889 2279 932 2329 si
957 2297 1067 2329 non
1100 2279 1260 2342 flevit,
1304 2297 1423 2329 cum
1462 2279 1597 2329 filios
1637 2278 1885 2328 avunculi
1924 2278 2006 2327 sui

90 2347 402 2400 innocentes
441 2350 674 2417 perditos
710 2350 1012 2417 conspexit!
1086 2350 1214 2401 Heu
1240 2368 1399 2416 quam
1424 2350 1595 2400 ferreo
1620 2367 1748 2399 usus
1776 2355 1855 2400 est
1881 2367 2002 2415 pec-

89 2425 206 2470 tore
242 2421 285 2470 si
319 2421 447 2472 dum
485 2422 807 2488 propinquos
843 2421 1015 2472 carnis
1047 2439 1155 2472 suae
1179 2421 1322 2472 felici
1349 2421 1622 2487 sanguinis
1649 2421 1780 2470 vidit
1806 2421 2003 2471 tinctos

88 2491 296 2554 rubore,
337 2510 445 2542 non
476 2493 717 2559 tangitur
752 2493 923 2543 cordis
959 2492 1168 2544 dolore!
1250 2494 1374 2543 Heu
1400 2510 1558 2559 quam
1586 2492 1732 2558 gravi
1756 2492 2000 2543 lacrima-

87 2580 208 2612 rum
242 2563 418 2629 potuit
452 2564 687 2614 suffundi
711 2564 899 2627 imbre,
940 2564 1068 2614 dum
1102 2570 1266 2615 tantae
1290 2564 1585 2615 nobilitatis
1612 2564 1764 2614 fiores
1790 2563 2003 2614 inclitos

88 2639 201 2684 tam
227 2635 369 2685 futili
394 2634 527 2685 vidit
552 2635 777 2686 traditos
803 2636 1089 2703 sepulturae
1109 2635 1119 2686 ἒ

193 2706 370 2772 Igitur
395 2724 517 2756 cum
542 2706 822 2757 hominum
850 2707 1085 2774 exequiis
1112 2707 1274 2758 etiam
1292 2725 1401 2758 non
1429 2706 1713 2758 defuerunt
1733 2706 2002 2774 magnalia

89 2783 356 2844 perpetuae
376 2778 624 2829 Deitatis,
702 2779 996 2829 Coronatos
1021 2797 1252 2846 namque
1271 2779 1328 2828 in
1355 2779 1504 2845 regni
1529 2778 1843 2830 aeternitatis
1871 2778 2001 2829 solio

90 2848 251 2899 etiam
277 2849 363 2900 hic
388 2849 602 2901 visitare
629 2849 880 2918 dignatur
905 2850 1041 2901 miro
1074 2851 1327 2917 potentiae
1355 2851 1476 2902 Suae
1502 2850 1775 2901 miraculo.
1851 2850 2001 2901 Talia

89 2921 410 2987 gerebantur
449 2921 507 2971 in
543 2921 670 2973 villa
708 2922 876 2989 regali
917 2941 1033 2989 quae
1075 2922 1281 2989 vulgari
1326 2922 1522 2973 dicitur
1561 2922 1840 2989 Easterige
1879 2939 2000 2989 pro-

86 2992 445 3043 nunciatione.
529 2993 667 3044 Cum
712 3012 837 3061 ergo
882 3000 1187 3045 sanctorum
1227 2994 1609 3061 pretiosissima
1650 2994 1998 3045 innocentum

87 3081 301 3130 corpora
328 3070 482 3115 terrae
509 3071 710 3116 secreto
735 3066 911 3116 forent
938 3071 1298 3132 superstatuta
1323 3066 1534 3128 feretro,
1562 3066 1891 3132 propositum
1920 3071 2000 3116 est

85 3141 163 3198 ut,
193 3135 368 3186 delata
392 3136 450 3186 in
477 3137 663 3187 urbem
690 3137 912 3199 Cantiae,
949 3137 1150 3188 Christi
1184 3138 1535 3204 sepelirentur
1560 3138 1617 3186 in
1643 3137 1996 3199 monasterio,

89 3212 141 3257 et
175 3207 375 3258 moveri
414 3225 521 3258 non
564 3208 846 3275 quiverunt
889 3209 954 3259 ab
994 3209 1088 3259 illo
1127 3209 1183 3259 in
1224 3227 1327 3276 quo
1368 3215 1571 3259 statuta
1609 3209 1823 3259 fuerant
1863 3209 1995 3259 loco.

87 3278 425 3344 Propositum
471 3285 550 3330 est
593 3286 654 3330 ut
706 3280 771 3330 ad
818 3280 1001 3331 Sancti
1050 3281 1343 3347 Augustini
1392 3281 1659 3331 ferrentur
1703 3280 1996 3342 ecclesiam,

88 3349 347 3415 siquidem
372 3351 535 3401 levari
560 3352 927 3418 nequiverunt.
992 3352 1079 3402 Ad
1098 3352 1327 3419 plurima
1354 3370 1562 3419 quoque
1589 3359 1642 3403 et
1668 3351 2000 3401 honorabilia

88 3427 296 3486 portare
324 3422 670 3473 decreverunt
689 3423 806 3474 loca
832 3430 884 3474 et
911 3424 1111 3474 tumbis
1132 3424 1491 3491 appositarum
1511 3441 1768 3474 manuum
1790 3422 1997 3473 deficie-

87 3491 219 3541 bant
245 3492 475 3544 brachia.
553 3495 789 3545 Tandem
832 3495 1032 3545 salubri
1070 3502 1280 3562 reperto
1316 3495 1553 3557 consilio,
1594 3501 1656 3544 ut
1699 3494 1764 3544 ad
1804 3494 1997 3543 famos-

88 3562 353 3613 sissimum
380 3570 714 3630 gestarentur
739 3567 1140 3629 monasterium,
1169 3566 1516 3617 Wacrinense
1541 3565 1852 3625 vocitatum,
1888 3570 2000 3612 tam

88 3633 356 3685 citissimae
398 3636 652 3702 agilitatis
698 3638 966 3704 insperato
1007 3639 1252 3689 levantur
1301 3638 1491 3700 officio,
1535 3643 1598 3686 ut
1642 3635 1777 3685 nihil
1826 3634 2001 3684 oneris

87 3703 356 3756 videretur
394 3706 451 3756 in
494 3708 788 3773 gestamine
834 3709 926 3759 diu
968 3709 1281 3761 desiderato.
1361 3709 1483 3760 Quo
1529 3725 1650 3759 cum
1691 3711 2002 3772 perventum
