2384 4126
861 390 1117 424 HISTORIA
1158 390 1366 424 REGUM.
1999 379 2068 429 37

255 517 338 567 De
382 515 675 567 orthodoxa
721 515 823 567 fide
867 516 980 568 haec
1029 521 1417 584 pertractantes
1469 516 1535 567 ad
1586 516 1821 569 historiae
1871 525 2067 569 nostrae

146 588 506 639 narrationem
530 587 825 639 redeamus,

981 762 1226 797 DCCXCIX.

256 851 417 901 Anno
455 850 699 901 Dcc.xcix
733 868 894 901 naves
934 851 1177 917 plurimae
1216 850 1274 900 in
1308 850 1444 900 mari
1485 850 1799 902 Britannico
1833 851 1885 901 vi
1922 857 2057 903 tem-

146 922 368 989 pestatis
395 932 653 988 quassatae
674 928 798 972 sunt
820 929 977 989 atque
998 939 1267 973 concussae
1285 922 1370 973 vel
1396 922 1608 984 collisae,
1637 929 1690 973 et
1717 940 1840 973 cum
1865 941 2062 991 magna

148 994 494 1045 multitudine
558 994 837 1045 hominum
890 1000 1015 1044 sunt
1066 994 1324 1045 dimersae.
1407 994 1613 1044 Eodem
1664 1012 1804 1045 anno
1855 996 2062 1046 Brorda

148 1066 477 1116 Merciorum
517 1067 778 1146 princeps,
820 1066 910 1132 qui
951 1073 1003 1116 et
1048 1066 1317 1132 Hildegils
1356 1072 1592 1128 vocatur,
1633 1066 1916 1117 defunctus
1960 1075 2057 1118 est.

147 1137 330 1188 Abbas
356 1155 496 1200 vero,
523 1138 786 1188 vocitatus
811 1138 985 1200 More,
1015 1156 1045 1187 a
1069 1137 1395 1204 Tilthegnof
1427 1138 1677 1204 praefecto
1703 1156 1816 1200 suo,
1844 1139 2061 1206 lugubri

147 1216 319 1260 morte
353 1209 707 1276 interemptus
734 1216 830 1260 est.
907 1210 1046 1260 Moll
1073 1227 1281 1276 quoque
1309 1210 1432 1272 dux,
1460 1210 1619 1276 paulo
1651 1216 1788 1277 post,
1819 1211 2059 1278 jussione

147 1287 372 1347 urgente
422 1281 671 1332 Eardwlfi
720 1281 877 1348 regis,
929 1281 1132 1332 occisus
1183 1287 1279 1332 est.
1387 1282 1512 1348 Ipso
1563 1300 1771 1349 quoque
1821 1289 2060 1349 tempore

149 1353 368 1415 Osbald,
398 1353 664 1420 quondam
700 1353 808 1403 dux
843 1359 896 1404 et
929 1353 1184 1420 patricius
1211 1360 1264 1404 et
1300 1353 1366 1403 ad
1400 1360 1611 1420 tempus
1635 1372 1744 1416 rex,
1781 1360 1911 1405 tunc
1937 1373 2061 1406 vero

148 1424 327 1488 abbas,
356 1425 497 1476 diem
523 1425 752 1491 suscepit
776 1425 1047 1486 ultimum,
1085 1426 1236 1493 cujus
1264 1442 1451 1491 corpus
1476 1425 1534 1474 in
1560 1426 1781 1476 ecclesia
1805 1426 2060 1477 Eboracae

145 1496 374 1547 civitatis
401 1497 669 1563 sepultum
696 1502 792 1547 est.
869 1496 1073 1547 Aldred
1097 1514 1221 1547 vero
1249 1496 1373 1559 dux,
1405 1497 1717 1547 interfector
1741 1498 2058 1549 Etheldredi

143 1568 300 1634 regis,
348 1587 378 1619 a
421 1568 828 1619 Thorhtmundo
873 1568 1006 1619 duce
1042 1568 1100 1617 in
1138 1568 1400 1619 ultionem
1445 1567 1648 1618 domini
1692 1569 1774 1619 sui
1819 1570 2058 1638 ejusdem

143 1640 284 1706 regis
327 1640 642 1691 interfectus
686 1646 782 1691 est.
861 1639 1003 1691 Quid
1051 1647 1262 1706 gestum
1314 1639 1384 1689 sit
1435 1640 1620 1691 eodem
1672 1659 1811 1691 anno
1861 1642 2058 1693 referre

140 1711 290 1762 libet.

251 1783 483 1833 Romani
534 1801 743 1850 quoque
792 1784 933 1833 inter
984 1800 1039 1833 se
1085 1782 1505 1845 dissecabantur,
1553 1788 1606 1834 et
1650 1802 1904 1851 magnam
1949 1784 2055 1835 dis-

142 1854 442 1906 sensionem
492 1855 779 1918 habebant,
838 1854 896 1904 in
955 1873 1059 1922 qua
1116 1856 1356 1906 Leonem
1412 1873 1603 1921 papam
1662 1856 2058 1907 sanctissimum

142 1926 606 1993 apprehenderunt
663 1927 1101 1994 ligaveruntque,
1162 1927 1313 1994 cujus
1370 1925 1558 1993 lingua
1615 1927 1757 1978 inter
1814 1929 2058 1979 maxillas

142 1998 344 2049 duriter
377 2004 662 2065 protracta,
699 2006 751 2050 et
785 1999 841 2048 in
878 2004 1095 2065 gutture
1130 1998 1418 2050 crudeliter
1452 2005 1686 2061 extensa,
1722 2000 1943 2066 praecisa
1978 2007 2058 2052 est

143 2069 208 2121 ab
234 2070 401 2138 ipsiS.⁰
472 2072 745 2122 Eruerunt
772 2076 825 2122 et
851 2070 1032 2121 oculos
1063 2070 1300 2138 praedicti
1324 2070 1590 2137 pontificis
1616 2071 1870 2122 radicitus
1887 2094 1900 2135 3
1943 2090 2061 2140 quae

142 2160 227 2193 res
255 2142 461 2193 cunctis
481 2143 822 2193 cernentibus
844 2142 1055 2194 crudele
1083 2142 1444 2210 spectaculum
1467 2149 1546 2193 est
1565 2143 1784 2194 factum.
1850 2145 2062 2195 Dehinc

145 2214 341 2282 absque
368 2215 478 2264 ulla
501 2214 836 2266 humanitate
864 2215 1177 2265 semivivum
1204 2232 1327 2265 eum
1352 2214 1731 2280 relinquentes,
1759 2216 2062 2267 inconsulte

148 2287 366 2338 domum
416 2286 612 2337 reversi
663 2293 803 2336 sunt.
883 2287 989 2336 Sed
1040 2286 1277 2352 Magnus
1334 2285 1594 2336 Conditor
1644 2287 1787 2337 orbis
1838 2305 1901 2338 ex
1953 2288 2063 2338 alto

147 2365 339 2409 cuncta
353 2357 587 2421 intuenS,
612 2357 806 2419 Quem,
815 2358 948 2437 ‘quia
967 2358 1182 2424 respicit
1199 2357 1378 2410 omnia
1398 2357 1558 2419 solus,
1579 2376 1762 2408 verum
1782 2376 2063 2425 possumus

149 2430 323 2481 dicere
374 2429 558 2491 solem,
623 2446 733 2479 non
786 2429 861 2479 sic
922 2430 1091 2479 Suum
1150 2428 1471 2495 contempsit
1520 2429 1731 2480 fidelem
1781 2430 2060 2482 famulum.

149 2502 503 2568 Omnipotens
538 2469 703 2567 igitur
736 2500 1018 2563 Dominus,
1054 2507 1174 2567 post
1213 2500 1369 2567 pauci
1404 2500 1658 2567 temporis
1691 2501 2063 2565 interstitium,

149 2573 225 2624 sic
251 2591 373 2634 eum
409 2572 682 2623 salutifero
717 2572 922 2623 sanavit
957 2572 1215 2634 antidoto,
1251 2577 1311 2622 ut
1346 2572 1685 2638 postmodum
1711 2574 1889 2625 videre
1925 2575 2065 2626 clare

151 2651 204 2696 et
229 2644 376 2711 loqui
411 2650 604 2711 posset,
640 2662 853 2710 prorsus
890 2644 954 2695 ab
991 2662 1052 2695 eo
1089 2643 1357 2710 expellens
1393 2644 1648 2711 caligines
1683 2646 1976 2708 oculorum,
2014 2653 2067 2698 et

150 2716 442 2767 concedens
478 2716 526 2766 ei
567 2715 801 2782 pristinae
837 2716 1079 2766 sanitatis
1113 2716 1371 2782 linguam,
1413 2722 1475 2765 ut
1515 2717 1871 2782 penitissimad
1910 2718 2066 2770 edere

148 2788 308 2839 verba
331 2787 721 2855 praedicationis
740 2788 1009 2851 valuisset,
1029 2794 1082 2839 et
1108 2788 1288 2838 omnia
1314 2787 1486 2838 officia
1510 2788 1800 2840 honorifice
1826 2789 2065 2857 implere.

701 2890 727 2908 “
747 2886 889 2926 Cesset
908 2886 1102 2926 inscitiae?
1124 2885 1297 2925 nubilus
1317 2898 1446 2935 error,

746 2942 919 2982 Cessent
938 2942 1125 2993 profecto
1146 2941 1252 2981 mira
1272 2940 1406 2981 videri
1421 2941 1447 2959 ²³

146 3032 393 3083 universa
436 3049 595 3098 opera
634 3031 870 3081 Domini.
952 3032 1072 3081 Hoc
1106 3030 1425 3081 miraculum
1460 3037 1680 3098 repente
1708 3032 1960 3084 diffusum
1989 3042 2069 3086 est

147 3122 240 3172 per
266 3103 505 3154 cardines
533 3103 778 3170 quadrati
804 3103 965 3165 orbis,
1013 3103 1079 3153 ad
1125 3103 1349 3169 gloriam
1393 3109 1446 3154 et
1487 3103 1701 3155 laudem
1735 3105 1938 3156 Christi
1973 3125 2067 3158 no-

232 3217 247 3242 b
279 3217 484 3269 Twysden
502 3217 578 3256 has
597 3216 683 3256 this
702 3216 747 3255 in
768 3229 847 3256 one
867 3217 995 3263 word,
1018 3218 1276 3268 Atiltheyno.

230 3279 245 3296 ⁶
275 3273 411 3312 There
437 3272 474 3333 is
499 3285 524 3312 a
553 3271 631 3311 full
661 3274 840 3311 account
868 3272 914 3312 of
937 3272 1023 3311 this
1052 3273 1282 3312 barbarous
1309 3271 1413 3312 deed
1443 3272 1489 3311 in
1515 3272 1740 3324 Baronius,
1768 3273 1874 3324 xiii„
1904 3278 2000 3322 344,
2029 3281 2070 3315 ec

147 3341 269 3406 seqq?
286 3328 359 3421 regi
372 3327 702 3434 {Zigj’imdissima
720 3381 962 3421 interlined.

232 3443 247 3460 ⁶
284 3438 358 3476 Vel
375 3438 624 3488 iynorantz‘ae
643 3436 883 3476 interlincd.
943 3436 1045 3476 This
1075 3436 1297 3488 quotation
1318 3449 1455 3477 comes
1478 3436 1587 3477 from
1606 3437 1812 3477 Boethius
1832 3438 1883 3478 de
1902 3438 2070 3480 Consol.

149 3491 406 3543 Philosoph.,
426 3492 493 3539 iv„
514 3494 643 3531 11-12
661 3507 670 3538 ;
699 3492 778 3531 but
797 3491 843 3530 in
863 3492 957 3531 that
972 3491 1127 3531 author
1146 3492 1220 3532 the
1240 3493 1330 3531 first
1349 3491 1434 3531 line
1454 3505 1558 3531 runs
1577 3505 1620 3532 as
1641 3492 1797 3532 follows
1815 3509 1880 3532 :—

749 3560 775 3581 “
790 3559 923 3600 Cedat
941 3559 1083 3600 insciti
1103 3559 1276 3600 nubilus
1296 3561 1457 3600 error.’'

151 3635 241 3675 The
270 3635 405 3674 words
434 3634 480 3674 in
510 3635 584 3675 the
613 3635 842 3688 preceding
872 3638 1069 3676 sentence
1100 3636 1208 3676 from
1239 3637 1423 3688 Maymos
1443 3638 1487 3676 to
1511 3637 1645 3675 Solem
1666 3648 1736 3675 are
1757 3635 1935 3686 adapted
1957 3635 2067 3676 from

151 3690 224 3730 the
245 3702 355 3729 same
375 3689 541 3740 author,
562 3703 616 3739 v.,
635 3692 751 3731 6-13.
