2384 4126
362 381 468 431 174
946 399 1207 433 HISTORIA
1246 399 1704 433 TRANsLA'rmNUM

361 527 481 572 tum
508 523 564 573 in
593 524 792 575 Sancto
820 525 1122 577 Cuthberto
1150 527 1298 577 Deus
1337 532 1704 593 quantumque
1730 525 1787 574 in
1815 525 1930 575 Deo
1958 522 2287 574 Cuthbertus

364 594 557 645 existat
618 596 897 660 mirabilis,
955 599 1339 649 miraculorum
1402 598 1639 665 quotidie
1695 597 1997 648 declaratur
2055 595 2288 663 judiciis.

365 667 611 718 Quorum
648 687 816 735 pauca
850 670 1066 736 quidem
1107 689 1169 722 ex
1203 670 1287 721 his
1314 689 1431 738 quae
1455 676 1715 737 regnante
1744 669 2038 720 Guillelmo
2066 668 2097 718 J
2102 667 2289 718 uniorc

364 739 726 806 contigerunt,
765 759 877 792 non
911 742 1097 809 utique
1140 743 1348 793 minora
1381 742 1464 792 his
1508 760 1627 809 quae
1653 743 1767 809 33111
1809 741 2006 807 scripta
2038 739 2287 806 legimus,

362 810 505 861 illius
544 830 638 879 per
673 831 831 879 quem
856 813 999 865 facta
1026 820 1152 865 sunt
1187 832 1285 881 ope
1311 814 1544 865 nitentes
1572 813 1851 864 scribendo
1886 811 2286 879 explicabimus.

364 883 703 934 Sanctissimi
721 886 887 952 patris
910 904 1088 937 annua
1103 886 1470 937 translationis
1490 885 1768 947 festivitas,
1787 903 1903 952 quae
1918 886 2028 952 jam
2049 883 2290 950 proxima

363 954 701 1018 imminebat,
752 957 1072 1024 populorum
1115 958 1490 1024 undecumque
1535 957 1892 1024 frequentiam
1936 956 2288 1017 Dunelmum,

363 1026 503 1077 sicut
531 1034 611 1078 est
636 1029 819 1091 moris,
856 1029 1136 1080 invitabat.
1216 1029 1322 1080 Sed
1347 1047 1457 1079 non
1484 1029 1668 1080 eadem
1697 1028 1903 1079 cunctis
1931 1028 2034 1077 fuit
2059 1027 2291 1078 intentio

362 1099 677 1150 devotionis.
772 1101 876 1150 Isti
917 1101 1132 1168 quidem
1177 1101 1407 1151 maxime
1447 1101 1531 1151 vel
1577 1101 1740 1151 etiam
1784 1101 1897 1150 sola
1939 1099 2078 1149 tanti
2122 1099 2290 1166 patris

362 1171 660 1238 patrocinia
681 1171 1054 1223 desiderabant
1072 1194 1085 1235 3
1116 1173 1196 1223 illi
1217 1190 1340 1224 vero
1366 1190 1476 1223 non
1502 1179 1611 1222 tam
1637 1172 1823 1222 Sancti
1850 1171 2104 1238 suffragia
2130 1189 2290 1237 quam

362 1242 656 1305 merca-ndi,
699 1261 817 1310 quae
844 1251 974 1295 tunc
1000 1245 1264 1312 praecipue
1293 1251 1419 1295 sunt
1447 1244 1638 1308 studia,
1670 1243 1996 1310 cogitabant.
2080 1243 2291 1293 Horum

363 1332 589 1365 numero
616 1315 831 1382 quidam
862 1317 955 1383 qui
981 1316 1123 1368 facto
1145 1317 1286 1384 quod
1313 1317 1362 1367 ei
1389 1317 1687 1383 contigerat
1714 1315 1957 1383 plurimis
1977 1315 2092 1382 jam
2111 1315 2291 1365 notior

362 1386 560 1449 existit,
601 1405 798 1455 equum
828 1389 1094 1440 adducens
1126 1407 1307 1440 secum
1335 1389 1599 1439 valentem
1636 1388 1906 1455 plurisque
1932 1387 2291 1455 pendendum,

362 1459 620 1509 Dunelmi
654 1460 883 1511 vendere
921 1461 1197 1529 disposuit.
1291 1462 1500 1528 Itaque,
1545 1478 1665 1511 cum
1709 1460 1971 1511 comitans
2017 1459 2148 1510 alios
2188 1460 2290 1510 iter

363 1531 492 1598 agit,
535 1532 678 1582 videt
725 1533 967 1584 cominus
1012 1552 1041 1584 a
1081 1535 1249 1585 latere
1290 1541 1529 1584 maturas
1575 1533 1776 1583 dudum
1816 1532 1996 1599 fruges
2039 1531 2290 1594 666168136,

363 1622 513 1670 (11138,
550 1604 787 1655 collectis
820 1623 992 1673 nuper
1022 1606 1079 1656 in
1119 1624 1332 1658 acervos
1370 1605 1676 1672 manipulis,
1717 1605 1775 1655 hi
1813 1605 1904 1672 qui
1939 1610 2289 1666 messuerant,

362 1676 605 1742 sparsim,
647 1682 705 1727 ut
733 1677 868 1728 solet
895 1696 989 1745 per
1025 1697 1196 1746 agros,
1236 1679 1579 1745 reliquerant.
1661 1678 1787 1728 Huc
1814 1677 2001 1728 relicto
2030 1675 2290 1727 comitatu

362 1748 505 1798 solus
555 1748 789 1812 divertit,
843 1750 1098 1817 nulloque
1139 1751 1366 1818 justitiae
1410 1756 1656 1817 respectu
1701 1768 1762 1800 ex
1809 1749 1995 1800 alienis
2040 1749 2290 1816 jumento

360 1820 617 1887 pabulum
646 1821 889 1888 praebuit.
971 1822 1130 1874 Quod
1152 1823 1360 1873 concite
1381 1822 1616 1872 famulus
1645 1821 1971 1883 monasterii,
2001 1820 2088 1871 cui
2115 1820 2290 1871 fuerat

362 1892 437 1943 ibi
482 1910 607 1943 cura
652 1911 830 1944 rerum
866 1894 1128 1962 delegata,
1170 1895 1297 1945 dum
1336 1894 1618 1962 prohibere
1665 1894 1888 1956 studuit,
1934 1893 2048 1943 haec
2091 1893 2290 1943 Sancto

364 1964 664 2015 Cuthberto
706 1966 1054 2017 servientium
1100 1967 1265 2018 victui
1308 1967 1423 2017 fore
1469 1966 1749 2033 profutura
1792 1965 2077 2027 indicavit,
2127 1965 2219 2015 sed
2262 1984 2292 2015 a

360 2036 656 2104 pertinacia
693 2037 967 2089 hominem
1002 2057 1249 2090 revocare
1288 2057 1397 2090 non
1436 2038 1618 2089 valuit.
1698 2038 1908 2089 Deinde
1942 2037 2034 2088 ubi
2071 2037 2290 2087 monitis

360 2108 499 2159 nihil
536 2109 782 2176 profecit,
821 2110 1103 2178 increpans
1130 2130 1340 2179 quoque
1368 2129 1427 2161 36
1454 2110 1754 2172 obsecrans,
1796 2127 1943 2160 casso
1981 2109 2162 2160 labore
2197 2110 2287 2159 de-

361 2181 564 2244 ficiens,
602 2188 722 2249 post
761 2183 943 2233 omnia
984 2202 1102 2251 quae
1140 2189 1350 2251 poterat
1388 2183 1593 2234 derisus
1628 2182 1815 2233 tacuit.
1896 2181 2291 2232 Stomachando

364 2253 560 2320 quippe
588 2260 775 2305 contra
801 2273 986 2320 graves
1021 2256 1079 2306 in
1103 2256 1260 2306 illum
1287 2255 1640 2306 contumelias
1670 2261 1722 2306 61
1749 2254 2035 2305 maledicta
2055 2253 2289 2315 retorsit,

360 2343 535 2392 neque
582 2326 968 2395 aliquantisper
1013 2347 1043 2378 a
1082 2328 1494 2395 praesumptione
1531 2345 1643 2378 sese
1682 2325 2013 2394 temperavit.
2100 2325 2291 2376 Stabat

360 2397 543 2465 itaque
574 2404 788 2449 tumens
818 2418 878 2451 36
913 2400 1137 2468 rigidus,
1174 2401 1325 2451 nullo
1365 2408 1514 2450 metu
1555 2399 1740 2450 Sancti
1778 2399 1861 2450 vel
1899 2397 2197 2449 reverentia
2236 2416 2291 2448 sc

360 2469 658 2532 inflectens,
701 2471 830 2538 quin
857 2472 1035 2539 potius
1062 2473 1216 2540 fruge
1242 2473 1369 2524 hinc
1396 2480 1449 2523 et
1476 2472 1600 2523 inde
1628 2472 1867 2539 disjecta,
1905 2470 2092 2537 coeptis
2118 2470 2291 2520 multo

366 2560 527 2608 quam
567 2551 798 2610 coepcrat
837 2545 1205 2596 vehementius
1249 2545 1534 2606 insistens,
1585 2562 1724 2607 cum,
1767 2542 1918 2594 ecce!
1962 2543 2290 2610 jumentum,

363 2615 505 2680 quod
542 2616 703 2666 modo
743 2635 934 2667 sanum
974 2624 1027 2668 et
1061 2618 1330 2669 incolume
1364 2616 1695 2685 pascebatur,
1735 2621 1955 2683 repente
1996 2615 2053 2665 in
2094 2620 2291 2665 terram

361 2703 631 2750 corruens,
685 2688 870 2739 statim
921 2690 1197 2753 emoritur,
1250 2697 1311 2740 ut
1357 2696 1571 2757 putares
1617 2689 1796 2755 ipsum
1843 2693 1956 2738 tam
2000 2686 2290 2753 inopinatae

359 2758 548 2808 mortis
572 2760 844 2811 celeritate
863 2779 972 2812 non
993 2762 1251 2824 triticum,
1281 2762 1370 2813 sed
1397 2779 1492 2829 pro
1516 2778 1577 2812 eo
1598 2760 1931 2811 mortiferum
1956 2759 2083 2826 quid
2109 2777 2289 2825 sump-

362 2830 508 2880 sisse.
587 2831 675 2882 Ita
711 2834 1046 2885 contumacia
1084 2852 1325 2901 repressa
1350 2851 1443 2900 per
1483 2832 1625 2900 quod
1664 2832 1893 2883 maxime
1933 2830 2118 2881 Sancti
2143 2848 2289 2881 reve-

365 2901 592 2952 rentiam
627 2905 966 2972 contempsit,
1003 2906 1105 2957 hoc
1131 2906 1308 2973 ipsum
1337 2908 1536 2955 Sancto
1561 2904 1854 2955 vindictam
1881 2903 2142 2969 exigente,
2176 2903 2291 2969 jus-

360 2973 566 3025 tissime
605 2975 850 3041 perdidit.
931 2978 1163 3028 Coactus
1198 2978 1379 3044 itaque
1408 2977 1603 3027 damno
1630 2976 1772 3042 quod
1797 2975 2038 3041 pertulit,
2078 2974 2289 3041 injuriae

361 3045 631 3112 poenitens
650 3052 702 3097 et
719 3047 1117 3112 obstinationis,
1135 3050 1483 3100 vehementer
1500 3048 1728 3114 expavit.
1775 3046 2000 3097 Videres
2018 3046 2289 3096 hominem

362 3117 558 3184 pallere
595 3135 655 3169 ac
691 3136 907 3186 corpore
942 3126 1057 3171 toto
1097 3121 1522 3183 contremiscere,
1564 3119 1691 3186 quid
1730 3124 1912 3186 ageret
1949 3136 2057 3185 prae
2095 3118 2289 3179 favore,

363 3207 533 3255 quove
577 3190 865 3242 diverteret
910 3193 1131 3244 nescire.
1228 3193 1502 3244 Damnum
1549 3191 1670 3259 equi
1709 3191 1820 3259 jam
1868 3208 2084 3270 prorsus
2134 3190 2290 3240 nihili

363 3267 629 3328 reputare,
678 3262 770 3313 sed
810 3281 879 3314 ne
922 3270 975 3315 et
1019 3265 1131 3331 ipse
1174 3265 1336 3315 simili
1379 3264 1706 3331 plecteretur
1747 3262 2017 3313 sententia
2060 3261 2288 3312 nimium

360 3333 441 3383 foi
445 3333 663 3385 midaie
744 3335 967 3402 Itaque
953 3354 1160 3388 irruens
1184 3337 1295 3387 solo
1316 3336 1591 3399 sternitui,
1618 3335 1917 3402 pugnisque
1938 3352 1992 3385 se
2018 3334 2217 3401 parite}
2238 3341 2291 3385 ct

362 3405 520 3455 (116118
559 3406 917 3470 diveiberans,
964 3412 996 3435 “
1015 3409 1061 3459 O
1099 3427 1203 3471 me
1207 3410 1242 3432 ’²
1288 3409 1380 3471 ait,
1422 3409 1747 3470 “miserum
1787 3407 2145 3458 miseiationis
2186 3406 2289 3456 for-

362 3477 559 3528 ((811311
601 3478 924 3546 indignum!
1018 3481 1188 3532 Ecce!
1245 3499 1349 3547 quo
1390 3487 1608 3548 peccata
1647 3448 1966 3546 pei'trahunt
2002 3478 2287 3529 infelicem.

363 3553 395 3576 “
420 3550 563 3601 Quid
607 3552 802 3618 agam?
892 3553 1169 3603 Periturus
1211 3553 1315 3603 huc
1354 3553 1489 3604 veni.
1598 3553 1718 3603 Nec
1761 3551 1905 3603 enim
1952 3550 2096 3601 aliud
2139 3550 2288 3600 locus

360 3626 472 3671 ((61
516 3623 771 3673 meritum
817 3624 950 3675 mihi
994 3626 1336 3692 promittunt.
1418 3625 1526 3675 Hic
1567 3624 1717 3675 locus
1764 3630 1817 3674 61
1861 3623 1976 3673 11366
2019 3622 2152 3672 11013
2191 3621 2288 3671 viae

360 3697 394 3721 “
416 3693 576 3745 simul.
603 3701 656 3745 et
684 3696 822 3758 vitae,
849 3702 910 3747 ut
938 3697 1194 3764 suspicor,
1232 3698 1456 3748 afferent
1484 3696 1702 3747 finem.”
1780 3694 2068 3746 Paululum
2095 3693 2287 3743 deinde
