2384 4126
889 418 1148 452 HlsTORIA
1187 419 1396 453 REGUM.
2032 411 2099 460 19

1023 560 1270 597 DCCXLIX.

290 637 450 688 Anno
477 637 708 689 Dcc.xlix
728 637 977 688 AElfwald
1003 655 1095 689 rex
1116 638 1474 689 Orientalium
1494 638 1796 705 Anglorum
1817 639 2099 693 defunctus

182 714 281 771 est,
319 727 651 776 regnumque
679 709 1023 760 Hunbeanna
1049 716 1103 761 et
1128 708 1359 760 Alberht
1385 709 1487 760 sibi
1513 710 1853 761 diviseruntst

1094 869 1247 903 DCCL.

289 943 450 993 Anno
490 942 633 993 Dcc.l
656 942 948 993 ‘Eadberht
988 961 1080 994 rex
1120 944 1453 1011 Kyniwlfum
1493 944 1798 1011 episcopum
1824 944 1882 994 in
1907 945 2096 996 urbem

180 1014 421 1065 Bebbam
449 1014 715 1081 captivum
742 1014 1051 1078 adduxerat,
1092 1015 1474 1082 basilicamque
1509 1016 1654 1067 beati
1681 1016 1827 1068 Petri
1853 1016 2096 1068 obsidere

178 1085 305 1136 fecit
330 1086 387 1135 in
414 1085 839 1153 Lyndisfarneass
912 1087 1036 1137 Offa
1062 1087 1201 1137 filius
1227 1087 1425 1138 Alfridi
1451 1105 1659 1155 quoque
1696 1088 1809 1156 [ad]
1844 1088 2095 1156 reliquias

180 1157 366 1208 Sancti
407 1157 692 1208 Cuthberti
732 1158 996 1225 pontificis
1029 1159 1285 1210 innocens
1318 1160 1562 1211 coactitie
1591 1160 1917 1222 accurrebat,
1958 1178 2094 1227 pene

179 1229 463 1280 defunctus
493 1229 634 1280 fame
670 1229 734 1280 de
769 1230 992 1280 ecclesia
1033 1231 1145 1281 sine
1182 1231 1341 1281 armis
1369 1231 1668 1282 abstractus
1695 1238 1814 1283 est.⁶²
1887 1232 2094 1283 Eodem

178 1319 318 1351 anno
346 1301 520 1351 AlWih
549 1301 822 1368 episcopus
848 1302 1138 1352 translatus
1166 1308 1246 1353 est
1273 1303 1339 1353 ad
1374 1303 1592 1354 alterius
1617 1304 1740 1354 vitae
1766 1304 2091 1370 contempla-

176 1373 397 1434 tionem,
462 1379 514 1423 et
577 1373 773 1423 Aldulf
829 1373 1080 1424 diaconus
1145 1375 1259 1441 ejus
1313 1374 1590 1425 ordinatur
1650 1375 1708 1425 in
1769 1375 2091 1442 episcopum.

178 1444 417 1494 Cuthred
458 1450 637 1495 autem
686 1462 780 1495 rex
830 1445 1259 1496 Occidentalium
1305 1447 1577 1497 Saxonum
1627 1447 1856 1498 surrexit
1908 1453 2094 1498 contra

176 1515 572 1566 AEthilbaldum
598 1533 779 1582 regem
805 1516 1173 1567 Merciorum.⁶

1036 1681 1237 1715 DCCLII.

283 1756 443 1806 Anno
479 1755 544 1806 ab
582 1755 948 1807 incarnatione
978 1756 1265 1807 Dominica
1296 1756 1475 1824 Dcc.lij
1507 1757 1731 1825 eclypsis
1770 1758 1912 1808 lunae
1950 1757 2093 1808 facta

173 1831 252 1877 est
278 1826 448 1893 pridie
473 1827 579 1878 kal.
607 1827 880 1893 Augusti.⁰
954 1827 1097 1879 Quia
1129 1827 1333 1878 mentio
1366 1828 1508 1879 facta
1533 1835 1614 1879 est
1641 1829 1705 1880 de
1733 1828 1831 1879 hac
1857 1847 1932 1892 re,
1959 1829 2092 1880 libet

172 1898 544 1964 ignorantibus
587 1898 818 1965 pandere
859 1898 987 1966 quid
1030 1899 1099 1949 sit
1144 1899 1386 1967 eclypsis,
1440 1900 1497 1951 id
1540 1906 1621 1951 est
1671 1900 1964 1968 deliquium
2009 1901 2093 1952 vel

174 1969 412 2020 defectus
451 1970 609 2021 lunae.
686 1970 929 2050 Eclypsis
968 1970 1111 2022 lunae
1149 1978 1228 2022 est
1271 1971 1516 2039 quotiens
1559 1972 1618 2022 in
1651 1972 1898 2023 umbram
1935 1979 2092 2024 terrae

173 2041 300 2091 luna
324 2041 567 2105 incurrit,
606 2059 716 2092 non
750 2043 894 2093 enim
925 2060 1082 2093 suum
1119 2042 1304 2094 lumen
1329 2043 1526 2095 habere
1553 2044 1766 2107 dicitur,
1807 2044 1899 2095 sed
1926 2063 1956 2095 a
1982 2045 2091 2096 sole

171 2112 464 2163 illuminari
489 2119 725 2180 putatur.
800 2114 1044 2194 Eclypsis
1069 2114 1210 2165 lunae
1236 2132 1345 2165 non
1370 2115 1475 2165 nisi
1508 2116 1666 2182 plena
1691 2116 1745 2166 id
1772 2122 1852 2167 est
1878 2134 1944 2166 xv
1970 2117 2087 2167 erit.

172 2184 428 2236 Defectus
455 2185 579 2235 solis
605 2203 881 2252 nunquam
906 2186 1010 2235 nisi
1036 2192 1160 2236 ortu
1195 2186 1338 2237 lunae
1372 2187 1487 2237 fieri
1513 2188 1663 2238 solet.
1742 2188 1964 2238 Certum
1992 2195 2089 2251 est,

171 2255 344 2322 inquit
387 2256 610 2319 Plinius,
651 2256 918 2307 defectum
959 2257 1084 2307 solis
1118 2275 1227 2308 non
1266 2257 1370 2308 nisi
1407 2258 1712 2321 novissima,
1757 2259 1814 2308 id
1853 2264 1932 2309 est
1966 2277 2089 2321 xxx,

171 2328 406 2394 primave
432 2328 547 2377 fieri
571 2328 716 2390 luna,
740 2328 881 2394 quod
908 2328 1107 2379 coitum
1132 2328 1368 2379 vocant.d
1440 2329 1708 2380 Omnibus
1729 2336 1907 2380 autem
1937 2330 2090 2381 annis

172 2399 287 2449 fieri
312 2399 588 2465 utriusque
615 2398 800 2450 sideris
827 2399 1065 2450 defectus
1100 2399 1316 2450 statutis
1355 2399 1560 2464 diebus,
1599 2400 1762 2464 horis,
1803 2401 1901 2451 sub
1928 2407 2087 2453 terra.

171 2469 291 2520 Nec
329 2475 512 2520 tamen
549 2487 672 2520 cum
709 2488 934 2537 superne
969 2471 1107 2521 fiunt
1140 2471 1339 2538 ubique
1365 2471 1511 2522 cerni
1536 2478 1775 2538 possunt,
1804 2472 2089 2539 aliquando

171 2545 386 2607 propter
428 2540 697 2604 nebulam,
751 2541 941 2608 saepius
982 2541 1140 2608 globo
1179 2548 1335 2593 terrae
1375 2543 1622 2594 obstante
1667 2544 2088 2595 convexitatibus

173 2612 376 2662 mundi.
452 2612 695 2680 Eclypsis
722 2613 847 2663 solis
874 2619 953 2664 est
981 2614 1227 2681 quotiens
1256 2613 1385 2665 luna
1418 2632 1522 2664 xxx
1549 2614 1614 2665 ad
1642 2614 1865 2666 eandem
1889 2615 2089 2666 lineam

174 2700 279 2749 qua
319 2683 397 2733 sol
436 2683 648 2734 vehitur
695 2684 952 2750 pervenit,
1005 2684 1157 2752 eique
1202 2703 1257 2736 se
1298 2685 1554 2753 objiciens
1605 2687 1770 2737 solem
1820 2687 2085 2738 obscurat.

171 2754 317 2805 Nam
344 2754 565 2806 deficere
590 2755 745 2806 nobis
771 2756 849 2807 sol
874 2756 1085 2807 videtur
1111 2756 1239 2807 dum
1264 2756 1345 2807 illi
1370 2757 1513 2808 orbis
1539 2758 1679 2809 lunae
1706 2759 2008 2826 opponitur.

1023 2924 1237 2958 DCCLIV.

276 2998 437 3048 Anno
472 2997 667 3049 Dcc.liv
693 2998 1021 3061 Bonifacius,
1059 2999 1484 3067 archiepiscopus
1530 3001 1642 3068 (qui
1678 3008 1731 3052 et
1757 3001 2078 3068 Winfridus)

171 3069 514 3133 Francorum,
542 3070 799 3137 martyrio
826 3076 1108 3121 coronatus
1135 3077 1215 3122 est
1242 3089 1363 3123 cum
1390 3072 1780 3141 quinquaginta
1804 3073 2015 3124 tribus?

250 3222 271 3295 ἴ
296 3215 552 3321 {especting
570 3269 643 3309 the
663 3269 900 3310 dedication
915 3269 961 3310 os
977 3270 1048 3311 the
1061 3269 1275 3311 cathedral
1294 3270 1456 3311 church
1476 3269 1522 3310 of
1538 3269 1805 3311 Lindissarne
1821 3271 1865 3310 to
1882 3269 1942 3310 St.
1958 3270 2085 3310 Peter

167 3324 223 3376 by
242 3324 490 3376 archbishop
510 3324 739 3374 Theodore,
769 3337 834 3365 see
854 3325 981 3372 Beda,
1011 3325 1132 3365 Mon.
1155 3325 1286 3372 Hist„
1313 3338 1355 3376 p.
1378 3327 1472 3365 199.

250 3386 267 3403 ‘¹
299 3379 340 3419 S.
397 3379 531 3420 These
549 3379 797 3430 particulars
816 3379 861 3419 of
884 3379 958 3420 the
984 3379 1187 3431 captivity
1206 3379 1252 3419 of
1273 3379 1422 3431 bishop
1443 3379 1675 3431 Kyniwols‚
1706 3379 1790 3419 and
1815 3379 1889 3419 the
1909 3380 2084 3429 outrage

168 3446 223 3473 on
254 3433 360 3481 Offa,
389 3446 459 3474 are
493 3434 618 3486 given
634 3433 737 3473 with
756 3446 869 3474 some
894 3434 1121 3474 variations
1154 3434 1201 3474 in
1234 3434 1453 3487 Symeon’s
1482 3434 1664 3487 History
1683 3434 1730 3475 of
1752 3434 1826 3475 the
1847 3433 2020 3474 Church
2042 3432 2088 3472 of

167 3488 377 3529 Durham.
436 3488 512 3529 See
531 3488 703 3529 Preface
722 3490 767 3528 to
785 3489 872 3528 this
890 3489 1072 3529 volume.

250 3543 266 3568 ὂ
295 3543 353 3582 Ν.
374 3542 426 3582 A.
447 3543 528 3583 add
546 3542 652 3583 after
671 3544 976 3584 AEthilbaldum
996 3545 1159 3596 Regem,
1190 3544 1233 3584 et
1252 3543 1514 3596 Oengusum.

249 3650 268 3674 ‘¹
296 3651 544 3744 ξᾶῒᾸΗίεὺη
566 3651 625 3700 ii„
647 3665 680 3692 c.
703 3652 904 3692 xiii.-In
924 3653 1104 3705 margin,
1125 3654 1241 3693 Lata
1261 3653 1359 3693 οὔθ’.
1385 3685 1393 3694 .
1411 3682 1421 3692 .
1442 3654 1556 3704 apud
1571 3653 1819 3692 Eboracum.

1705 3775 1733 3807 c
1760 3760 1793 3807 2
