2384 4126
299 891 548 974 [VITA
593 894 660 966 S.
697 891 1282 964 MARGARETAE
1333 891 1800 964 SCOTORUM
1844 853 2232 972 RE‘GINAE,

404 1110 673 1156 AUCTORE,
729 1110 799 1144 UT
853 1109 1181 1149 QUIBUSDAM
1240 1110 1504 1156 VIDETUR,
1565 1110 1814 1144 TURGOTo
1869 1107 2137 1141 MoNACHO

1060 1165 1470 1233 DUNELMENSI.]

1097 1549 1442 1617 [PROLOGUS]

292 1677 723 1727 NEXCELLENTJER
766 1677 1087 1741 honorabili,
1132 1685 1185 1729 et
1237 1678 1628 1729 honorabiliter
1680 1678 1981 1740 excellenti,
2032 1678 2233 1745 reginae

292 1750 614 1815 Anglorum,
645 1750 947 1812 Mathildae,
976 1751 1077 1813 Ty
1104 1769 1377 1801 servorum
1408 1753 1460 1801 S.
1484 1751 1770 1801 Cuthberti
1792 1769 1989 1813 servus,
2018 1751 2074 1800 in
2100 1769 2231 1818 prae-

294 1822 450 1884 senti,
484 1822 630 1889 pacis
657 1829 710 1873 et
738 1823 928 1873 salutis
962 1822 1165 1873 bonum
1183 1844 1198 1885 3
1242 1829 1310 1887 et,
1352 1823 1410 1873 in
1449 1823 1650 1886 futuro,
1687 1823 1954 1874 bonorum
1989 1823 2233 1874 omnium

296 1893 516 1944 bonum.

401 1967 454 2017 V
458 1966 740 2018 enerandae
779 1967 1053 2018 memoriae
1094 1967 1280 2018 matris
1320 1974 1510 2019 vestrae
1555 1967 1809 2035 placitam
1849 1968 1967 2018 Deo
2013 1985 2231 2019 conver-

295 2038 576 2101 sationem,
642 2058 802 2106 quam
853 2058 1089 2090 consona
1138 2041 1435 2091 multorum
1484 2040 1643 2091 laude
1700 2040 1892 2107 saepius
1953 2040 2232 2107 praedicari

295 2111 604 2173 audieratis,
655 2118 717 2162 ut
760 2112 955 2162 litteris
1007 2112 1263 2163 traditam
1306 2112 1456 2163 vobis
1509 2112 1775 2175 offerrem,
1817 2118 1870 2163 et
1908 2112 2229 2179 postulando

289 2184 542 2251 jussistis,
586 2190 640 2235 et
670 2184 912 2251 jubendo
939 2185 1267 2251 postulastis.
1349 2185 1570 2236 Scilicet
1596 2185 1729 2235 mihi
1757 2184 2021 2252 praecipue
2048 2184 2102 2234 in
2130 2185 2232 2235 hoc

298 2256 621 2307 credendum
652 2256 929 2320 dicebatis,
959 2276 1137 2324 quem,
1167 2257 1341 2324 gratia
1366 2275 1577 2324 magnae
1606 2257 1746 2324 apud
1777 2257 1925 2307 illam
1953 2256 2230 2307 familiari-

295 2329 441 2392 tatis,
469 2348 667 2396 magna
693 2347 757 2380 cx
783 2336 933 2396 parte
962 2337 1289 2381 secretorum
1310 2330 1455 2380 illius
1483 2330 1759 2381 conscium
1784 2348 1898 2381 esse
1926 2330 2229 2381 audieratis

300 2402 435 2452 Haec
481 2402 633 2469 jussa
683 2407 737 2453 et
787 2402 902 2453 haec
953 2408 1076 2453 vota
1126 2421 1225 2470 ego
1268 2402 1442 2453 libens
1494 2403 1787 2469 amplector
1803 2423 1818 2464 3
1886 2402 2231 2469 amplectens,

296 2474 533 2524 multum
582 2474 835 2537 veneror3
890 2493 1167 2538 venerans,
1213 2475 1362 2526 vobis
1409 2475 1769 2542 congratulor,
1822 2492 1940 2541 quae
1992 2493 2022 2525 a
2083 2475 2233 2541 Rege

298 2546 635 2613 Angelorum
682 2547 976 2598 constituta
1010 2547 1200 2615 regina
1225 2548 1546 2614 Anglorum,
1584 2547 1750 2598 vitam
1785 2546 1973 2598 matris
2012 2547 2231 2614 reginae,

299 2637 417 2686 quae
470 2637 679 2686 semper
723 2619 795 2683 *ad
844 2638 1074 2686 regnum
1135 2620 1421 2671 anhelabat
1472 2620 1826 2686 Angelorum,
1890 2637 2001 2669 non
2057 2620 2231 2670 solum

299 2691 501 2752 audire,
529 2692 620 2742 sed
647 2691 811 2743 etiam
837 2692 1033 2743 litteris
1052 2692 1369 2759 impressam
1390 2692 1703 2743 desideratis
1725 2692 1929 2759 jugiter
1944 2691 2206 2758 inspicere
2215 2713 2229 2754 3

297 2769 362 2813 ut
388 2764 479 2830 qui
512 2763 705 2814 faeiem
740 2764 927 2814 matris
969 2783 1154 2831 parum
1198 2765 1485 2827 noveratis,
1528 2764 1792 2816 virtutum
1827 2764 1940 2831 ejus
1980 2764 2232 2815 notitiam

301 2835 511 2902 plenius
536 2835 797 2886 habeatis
881 2837 954 2886 Et
990 2836 1207 2903 quidem
1247 2836 1383 2886 mihi
1424 2837 1687 2903 imperata
1721 2836 2031 2904 perficiendi
2064 2854 2232 2903 prona

300 2913 381 2957 est
406 2907 655 2957 voluntas
671 2929 685 2969 3
729 2907 838 2970 sed,
867 2908 1056 2971 fateor,
1085 2908 1234 2960 deest
1261 2909 1487 2959 facultas
1510 2929 1519 2958 ε
1548 2909 1722 2975 major
1749 2914 1828 2959 est
1857 2908 2051 2975 quippe
2072 2909 2234 2976 hujus

299 2979 505 3045 negotii
545 2979 788 3041 materia,
832 2998 993 3046 quam
1034 2980 1171 3030 mihi
1210 2980 1279 3031 sit
1305 2981 1391 3032 vel
1427 2980 1692 3031 scribendi
1718 2980 1803 3031 vel
1839 2980 2095 3047 loquendi
2123 2981 2233 3031 effi-

301 3052 461 3101 cacia.
538 3051 662 3102 Duo
715 3070 945 3118 namque
997 3058 1123 3102 sunt
1169 3070 1287 3119 quae
1339 3052 1530 3119 patior,
1586 3052 1781 3118 quibus
1824 3052 1952 3102 hinc
2003 3058 2056 3102 et
2107 3053 2234 3104 inde

299 3123 500 3174 trahor.
578 3124 804 3190 Propter
842 3124 1271 3190 magnitudinem
1316 3124 1413 3186 rei,
1456 3124 1671 3175 obedire
1714 3124 1943 3175 formido
1961 3146 1974 3187 3
2019 3132 2237 3192 propter

294 3195 537 3264 jubentis
566 3196 959 3258 auctoritatem,
989 3202 1042 3247 et
1067 3196 1214 3247 illius
1242 3196 1307 3247 de
1335 3214 1440 3263 qua
1466 3196 1753 3247 dicendum
1790 3203 1870 3247 est
1896 3198 2232 3259 memoriam,

302 3268 666 3319 contradicere
716 3285 828 3318 non
879 3268 1063 3319 audeo.
1144 3268 1251 3319 Sed
1302 3268 1562 3336 quamvis,
1616 3269 1756 3320 sicut
1808 3269 2030 3336 dignum
2075 3276 2232 3332 esset,

299 3346 508 3391 tantam
535 3358 649 3391 rem
677 3340 940 3407 explicare
966 3358 1075 3391 non
1104 3340 1249 3392 Valeo
1265 3362 1279 3404 3
1323 3348 1586 3408 quantum
1622 3348 1804 3392 tamen
1838 3360 2056 3409 possum
2093 3342 2235 3409 (quia

383 3481 400 3498 “
432 3474 522 3514 The
543 3473 682 3514 initial
701 3473 738 3516 E
759 3473 805 3513 in
825 3473 1003 3524 colom-s,
1034 3474 1122 3525 red,
1153 3487 1297 3527 green,
1326 3476 1410 3515 and
1430 3476 1554 3525 b1ue3
1585 3488 1748 3527 square.

383 3536 400 3553 ²²
436 3531 709 3569 Theodericus
738 3529 784 3569 in
815 3530 889 3569 the
922 3529 1034 3570 Acta
1065 3529 1334 3580 Sanctorum,
1365 3531 1449 3571 and
1476 3531 1522 3570 in
1547 3531 1820 3571 Pinkerton's
1846 3531 2020 3571 edition.
2078 3530 2140 3571 At
2160 3531 2234 3571 the

302 3584 386 3624 end
420 3585 466 3624 of
491 3585 565 3624 the
598 3585 836 3636 paragraph
865 3585 987 3626 there
1021 3597 1092 3625 are
1122 3586 1258 3626 added
1283 3586 1329 3626 in
1359 3599 1384 3626 a
1417 3586 1532 3626 hand
1562 3587 1608 3626 of
1631 3587 1706 3626 the
1737 3587 2012 3627 seventeenth
2042 3589 2237 3637 century,

304 3641 390 3679 Per
407 3641 652 3735 lTus‘qufum
683 3641 1011 3681 szelmensem.
1069 3640 1141 3681 On
1170 3641 1244 3682 the
1273 3642 1470 3694 question
1495 3642 1541 3682 of
1566 3642 1639 3682 the
1659 3641 1910 3693 authorship
1931 3642 1978 3682 of
2002 3641 2088 3681 this
2107 3642 2238 3691 work,

301 3707 368 3735 see
387 3697 406 3734 t
421 3707 462 3735 ie
503 3696 567 3735 're
587 3708 672 3736 ace.
