2384 4126
655 362 883 396 RELATIO
923 362 992 394 DE
1034 361 1233 394 SANcro
1273 361 1614 395 cuTHBERTO.
1981 347 2082 395 231

169 488 461 540 constituit.
538 489 831 555 Postquam
855 505 978 539 vero
1013 488 1242 538 Sanctus
1278 487 1607 538 Cuthbertus
1648 486 1923 537 suscitavit
1955 505 2083 554 pue-

168 576 287 609 rum
335 578 365 610 a
407 560 634 611 mortuis
677 561 735 610 in
773 560 899 611 villa
944 578 1061 626 quae
1107 559 1302 610 dicitur
1341 558 1666 621 Exanforda,
1712 558 1860 609 dedit
1901 558 1950 609 ei
1992 577 2085 609 rex

167 631 358 696 ngrid
397 639 593 683 terram
634 650 750 699 quae
787 637 1006 682 vocatur
1047 631 1314 682 Ceartmel
1356 637 1409 681 et
1453 649 1638 681 omnes
1679 630 1930 680 Britanni
1960 631 2081 692 (sic)

169 719 290 752 cum
318 699 394 765 eo,
424 710 477 755 et
502 704 684 754 Villam
711 722 827 770 quae
855 703 1050 753 dicitur
1077 703 1478 769 Suth-gedling,
1516 710 1569 753 et
1597 702 1848 769 quicquid
1876 702 1940 751 ad
1968 720 2086 752 eam

165 774 411 839 pertinet.
506 776 639 826 Haec
689 775 870 825 omnia
917 774 1087 825 bonus
1140 774 1302 825 abbas
1354 774 1696 840 Cyneverdus
1743 773 1841 824 sub
1888 774 2085 824 Sancto

167 845 465 897 Cuthberto
485 847 750 897 ordinavit
770 847 1037 913 sapienter
1056 852 1117 896 ut
1136 846 1320 896 voluit.
1386 847 1466 896 Ea
1485 851 1802 912 tempestate
1829 845 2086 912 pugnavit

165 934 257 966 rex
291 918 545 984 ngridus
583 925 769 969 contra
802 936 983 983 regem
1011 918 1340 968 Merciorum
1367 917 1606 968 WVulfere
1641 917 1810 966 filium
1843 916 2082 978 Pendici,

166 995 237 1050 et,
267 1007 399 1040 caeso
427 990 663 1041 exercitu
688 991 818 1056 ejus,
858 990 1063 1056 fugavit
1103 1008 1241 1040 eum.
1320 990 1514 1040 Postea
1540 989 1686 1039 dedit
1713 988 1968 1055 ngridus
1993 1007 2086 1039 rex

168 1060 366 1112 Sancto
394 1062 693 1113 Cuthberto
720 1062 945 1112 Mailros
973 1068 1026 1112 et
1053 1062 1296 1123 Carrum,
1335 1068 1387 1112 et
1423 1061 1675 1128 quicquid
1713 1061 1777 1111 ad
1814 1078 1931 1111 eam
1964 1078 2081 1127 per-

164 1130 318 1183 tinet.
396 1134 523 1184 Non
558 1134 791 1184 multum
827 1140 945 1200 post
979 1134 1122 1183 hunc
1157 1134 1438 1200 ngridum
1476 1132 1731 1183 successit
1765 1132 1822 1181 in
1855 1150 2084 1198 regnum

166 1203 382 1255 Ceolfus
408 1206 549 1256 filius
582 1206 919 1272 Cudwining‚
960 1223 1119 1271 seque
1148 1206 1346 1256 Sancto
1374 1205 1674 1256 Cuthberto
1701 1204 1937 1254 subdidit
1953 1225 1967 1266 3
2010 1210 2080 1267 et,

164 1274 382 1327 dimisso
402 1295 566 1343 regno
588 1296 710 1328 cum
730 1295 892 1328 uxore
920 1295 1013 1344 pro
1041 1295 1217 1327 amore
1239 1277 1358 1338 Dei,
1388 1295 1442 1328 se
1465 1294 1587 1327 cum
1614 1294 1810 1343 magno
1830 1276 2082 1327 thesauro

164 1347 230 1396 ad
256 1348 694 1400 Lindisfarnense
719 1349 1104 1399 monasterium
1131 1350 1376 1411 contulit,
1404 1349 1624 1399 barbam
1644 1348 1906 1415 deposuit,
1934 1365 2080 1398 coro-

163 1435 289 1468 nam
316 1421 536 1487 accepit,
570 1428 623 1471 et
651 1422 849 1471 Sancto
876 1420 1174 1471 Cuthberto
1199 1421 1381 1471 villam
1408 1420 1554 1471 dedit
1581 1420 1797 1471 nomine
1823 1420 2079 1470 Werche-

162 1491 341 1542 wurde
363 1510 481 1542 cum
512 1493 620 1543 suis
649 1492 982 1559 appenditiis.
1064 1492 1169 1543 Sed
1196 1498 1315 1559 post
1334 1493 1449 1543 haec
1476 1492 1693 1559 quidam
1718 1510 1827 1554 rex,
1862 1492 2081 1543 nomine

161 1561 438 1626 Osbertus‚
467 1564 876 1617 Werchewurde
904 1563 1125 1614 abstulit
1154 1565 1369 1626 Sancto,
1411 1564 1503 1614 sed
1536 1571 1655 1631 post
1689 1581 1888 1613 annum
1915 1563 2080 1614 vitam

161 1650 285 1683 cum
310 1653 475 1701 regno
501 1636 750 1702 perdidit.
820 1637 950 1686 Post
977 1654 1098 1686 eum
1124 1636 1366 1702 regnavit
1391 1637 1529 1697 Elle,
1558 1635 1649 1702 qui
1673 1635 1808 1685 bene
1834 1635 2080 1701 promisit

160 1706 254 1755 sed
281 1707 418 1758 male
454 1708 563 1774 egit
579 1729 593 1770 ,·
636 1707 857 1758 abstulit
884 1707 1027 1758 enim
1056 1708 1254 1757 Sancto
1280 1707 1411 1757 duas
1437 1707 1607 1769 villas,
1637 1706 1998 1772 Billingeham
2025 1712 2079 1757 et

159 1777 362 1840 Ileclif3
394 1780 485 1829 sed
513 1780 617 1829 cito
644 1797 736 1846 per
759 1779 1014 1829 Hubbam
1035 1779 1224 1829 ducem
1252 1779 1546 1829 Fresonum
1573 1779 1788 1845 fugatus
1814 1784 1868 1828 et
1895 1796 2077 1841 caesus,

155 1848 320 1899 vitam
342 1851 655 1902 dedecorose
675 1851 862 1901 finivit.
921 1851 1116 1901 Statim
1136 1857 1255 1918 post
1276 1851 1650 1901 Ceolfwulfum
1671 1850 1872 1900 factum
1893 1868 2076 1901 mona—

156 1920 316 1971 chum
343 1921 476 1972 obiit
507 1924 733 1973 Sanctus
766 1922 1095 1974 Cuthbertus
1111 1944 1125 1985 ,
1167 1930 1220 1973 et
1252 1923 1505 1973 successit
1539 1922 1755 1973 Eddred
1781 1922 2076 1989 episcopus,

156 1992 245 2058 qui
290 1994 629 2044 reaedificavit
670 1995 947 2046 ecclesiam
992 1995 1050 2044 in
1090 1995 1378 2056 Northam‚
1426 2002 1479 2045 ct
1520 1994 1904 2061 transportavit
1947 1994 2076 2045 illuc

155 2082 343 2131 corpus
380 2066 546 2117 Ceolfi
571 2067 729 2133 regis,
761 2067 1039 2133 ipsamque
1063 2067 1245 2117 villam
1272 2067 1418 2117 dedit
1454 2068 1650 2117 Sancto
1687 2066 1987 2116 Cuthberto
2024 2073 2077 2117 et

155 2136 464 2199 Gedewrde,
492 2144 544 2188 et
573 2139 794 2189 alteram
817 2139 1163 2200 Gedewurde,
1198 2145 1251 2189 et
1278 2138 1558 2189 aedificavit
1586 2138 1765 2188 villam
1795 2138 2073 2201 Geinford,

153 2207 405 2275 deditque
441 2228 555 2260 eam
600 2211 799 2261 Sancto
841 2210 1140 2261 Cuthberto
1157 2232 1170 2272 3
1214 2217 1267 2260 et
1293 2216 1479 2276 postea
1506 2209 1783 2261 ‘aedificavit
1812 2210 2072 2276 Billinge-

152 2279 296 2341 ham,
326 2287 379 2330 et
406 2281 598 2343 Ileclif,
627 2288 680 2332 et
707 2282 978 2348 Wigeelif,
1013 2282 1264 2348 deditque
1293 2283 1507 2332 Sancto.
1588 2281 1816 2334 Quando
1845 2282 2074 2332 Sanctus

153 2352 481 2403 Cuthbertus
509 2353 679 2403 factus
707 2359 787 2404 est
813 2353 1105 2403 monachus
1132 2353 1375 2420 regnavit
1396 2353 1679 2419 Oswioius,
1702 2359 1754 2403 et
1776 2353 1865 2403 ahi
1887 2353 2072 2404 dicunt

153 2424 294 2489 quod
318 2424 419 2474 istc
445 2425 547 2474 fuit
574 2425 757 2475 Oswiu
782 2426 945 2475 f1ate1
973 2425 1095 2476 Osw
1100 2425 1205 2475 aldi
1231 2426 1389 2491 legis,
1419 2431 1471 2475 et
1497 2425 1765 2475 interfecit
1793 2425 2069 2475 Oswinum

150 2513 330 2575 regem
367 2496 756 2559 Berniciorum,
795 2497 966 2547 filium
992 2497 1167 2547 Osrici
1192 2497 1331 2563 legis
1359 2497 1569 2547 Edwini
1596 2496 1706 2547 filii.
1784 2496 1928 2547 Ante
1968 2498 2068 2548 Os-

148 2584 191 2616 w
197 2567 366 2633 igium
391 2568 633 2635 regnavit
654 2568 837 2619 Penda
861 2587 970 2619 rex.
1035 2569 1161 2618 Mol
1165 2575 1256 2619 tuo
1251 2535 1353 2620 &Os
1346 2569 1456 2635 wig
1450 2568 1529 2631 io,
1551 2586 1748 2635 legnav
1752 2568 1794 2618 it
1816 2568 2069 2650 ngiidus

150 2639 291 2689 filius
334 2640 464 2707 ejus.
541 2641 669 2690 Post
707 2659 830 2691 eum
870 2640 1198 2702 Ceolfridus3
1241 2646 1293 2691 et
1326 2647 1446 2707 post
1481 2641 1627 2691 hunc
1663 2640 1949 2690 Gudredus
1978 2642 2067 2707 qui

148 2728 242 2777 pei
278 2712 536 2762 Sanctum
577 2712 933 2762 Cuthbertum
969 2718 1312 2779 apparentem
1348 2731 1439 2779 per
1464 2712 1722 2762 visionem
1750 2712 1931 2763 abbati
1957 2714 2065 2763 Ed-

149 2782 275 2832 redo
301 2782 357 2833 in
384 2784 697 2834 Luercestre
722 2784 894 2835 factus
921 2784 1024 2834 fuit
1050 2802 1159 2847 rex,
1188 2784 1413 2835 Erdulfo
1441 2785 1797 2851 episcopante,
1833 2802 1973 2835 anno
2001 2785 2066 2835 ab

148 2853 514 2906 incarnatione
551 2856 772 2906 Domini
807 2862 1064 2907 Doce.xc⁰.
1156 2857 1286 2907 Post
1312 2857 1456 2907 hunc
1480 2856 1755 2907 AElfredus
1795 2856 1884 2922 qui
1921 2856 2068 2907 dedit

154 2924 351 2976 Sancto
377 2934 546 2977 totam
573 2934 771 2978 terram
797 2928 938 2979 inter
963 2929 1152 2979 Tesam
1180 2934 1233 2979 et
1260 2928 1467 2979 Tinam.
1546 2928 1648 2978 Isti
1689 2928 1973 2979 Gudredus
2012 2935 2065 2980 et

148 2997 421 3049 AElfredus
454 3017 605 3065 reges
642 3000 949 3067 adjecerunt
977 3000 1334 3051 Dunehnensi
1368 3000 1694 3067 episcopatui
1733 3000 1912 3050 omnia
1947 3018 2064 3067 quae

148 3069 213 3119 ad
249 3070 609 3137 episcopatum
644 3072 1169 3138 Haugustaldensem
1200 3072 1590 3139 pertinuerunt.
1670 3073 1769 3122 Per
1795 3072 1813 3121 l
1841 3072 1982 3122 enim
2010 3079 2063 3123 et

147 3140 221 3206 iiij
268 3160 434 3192 annos
476 3148 600 3193 ante
640 3143 1063 3194 devastationem
1105 3143 1513 3194 Northumbriae
1558 3144 1705 3194 sedes
1748 3143 2060 3210 episcopalis

145 3212 221 3262 ibi
238 3220 545 3265 cessaverat.
599 3214 871 3265 AEelfredo
891 3215 1144 3266 defuncto
1164 3216 1407 3282 regnavit
1426 3216 1566 3265 filius
1589 3216 1703 3282 ejus
1720 3216 2035 3265 AEdwardus
2044 3238 2058 3278 3

148 3289 201 3333 et
226 3291 346 3350 post
382 3285 525 3335 hunc
552 3285 870 3337 Edelstanus
906 3287 1046 3338 filius
1087 3287 1218 3354 ejus,
1256 3294 1309 3338 et
1342 3293 1480 3354 post,
1523 3287 1863 3338 AEdmundus
1898 3287 2062 3337 frater

145 3355 443 3406 Adelstani.
516 3357 637 3408 Quo
663 3364 893 3421 mortuo,
922 3377 1060 3409 anno
1087 3359 1383 3409 Dominicae
1409 3359 1788 3409 incarnationis
1816 3376 2056 3423 nongen-

145 3427 335 3477 tesimo
371 3428 772 3495 quadragesimo
810 3436 1013 3494 octavo,
1049 3430 1321 3481 Edredum
1353 3431 1571 3482 fratrem
1608 3430 1874 3481 haeredem
1907 3430 2058 3496 regni

145 3498 242 3549 reli
284 3499 377 3549 uit.

247 3517 542 3622 (111011111οε
570 3572 799 3624 cultores
838 3574 1021 3625 Sancti
1057 3574 1340 3626 Cuthbcrti
1365 3574 1508 3640 leges
1546 3574 1658 3641 ejus
1694 3579 1747 3624 et
1783 3572 2056 3639 privilegia
