2384 4126
338 367 445 417 200
926 383 1184 417 HISTORIA
1222 382 1679 416 TRANSLATIONUM

337 526 573 576 corpore,
615 526 930 576 campanam
974 509 1209 576 ingentis
1255 509 1506 577 ponderis
1546 509 1662 560 fieri
1702 515 2044 576 praeceperat,
2098 526 2258 575 quam

339 581 636 633 Lundoniae
675 587 917 648 paratam
968 581 1300 632 Dunelmum
1345 581 1537 632 adduci
1586 587 1870 648 oporteret.
1973 580 2153 647 Igitur
2201 580 2259 629 in

337 653 547 704 officina
597 654 909 704 conflatoria
956 653 1201 704 vehiculo
1262 654 1514 720 imposita
1574 653 1784 720 magnis
1847 652 2037 704 exinde
2098 652 2259 702 modo

333 725 611 792 juvenum,
640 725 797 776 modo
822 725 1004 788 boum,
1034 725 1191 775 modo
1218 725 1418 792 pariter
1442 725 1685 775 omnium
1711 724 2022 775 trahebatur
2038 723 2256 774 viribus.

339 797 507 847 Porro
546 797 869 860 vehiculum,
911 797 1074 864 lignis
1109 797 1238 848 licet
1277 797 1505 847 fortibus
1544 803 1597 847 et
1638 802 1750 847 arte
1789 796 2075 863 diligenter
2114 813 2257 846 com-

337 868 528 935 positis
570 869 882 936 adaptatum
926 869 1133 931 fuisset,
1177 869 1244 919 ad
1287 875 1452 919 tantae
1495 874 1677 919 tamen
1719 868 2018 934 gravedinis
2062 868 2259 918 molem

340 940 709 992 sustinendam
736 941 915 990 minus
942 940 1253 991 sufficiebat.
1332 940 1533 990 Crebro
1558 958 1789 1007 namque
1816 939 2088 991 dissolutis
2115 957 2256 990 com-

338 1013 562 1079 pagibus
607 1012 771 1063 robur
810 1030 946 1079 pene
990 1018 1167 1062 totum
1209 1012 1457 1063 dissiluit.
1536 1012 1695 1063 Quod
1733 1030 1930 1078 magna
1967 1029 2089 1062 cum
2124 1011 2257 1061 diffi-

339 1085 539 1135 cultate
591 1102 804 1151 quoquo
853 1083 1014 1134 modo
1063 1089 1371 1150 reparatum
1420 1101 1679 1150 magnum
1728 1083 2105 1134 itinerantibus
2156 1083 2256 1132 im-

338 1156 709 1223 pedimentum
737 1155 937 1205 attulit.
1016 1156 1120 1206 Per
1153 1155 1433 1222 planitiem
1464 1155 1671 1205 viarum
1708 1155 2090 1222 aliquantisper
2122 1154 2259 1205 liber

339 1234 453 1278 erat
478 1227 736 1277 transitus
754 1248 769 1288 ,·
809 1226 899 1277 ubi
931 1244 1056 1277 vero
1082 1244 1137 1277 se
1166 1227 1225 1276 in
1257 1227 1427 1277 altum
1464 1232 1608 1277 terra
1646 1226 1953 1288 sustulerat,
1994 1226 2167 1293 gravis
2201 1226 2260 1276 in

339 1317 581 1362 ascensu,
617 1298 825 1366 gravior
855 1298 913 1348 in
950 1298 1209 1349 descensu
1244 1316 1366 1348 cum
1400 1298 1611 1365 ingenti
1644 1298 1836 1348 timore
1864 1298 2164 1360 difficultas,
2192 1316 2261 1348 ne

339 1371 542 1422 scilicet
582 1389 646 1422 ex
686 1370 794 1421 alto
819 1370 904 1421 vel
942 1370 1263 1422 recurrendo
1290 1370 1373 1420 vel
1413 1370 1715 1437 proruendo
1761 1387 2019 1437 campana
2054 1370 2262 1436 impetu

338 1443 420 1493 sui
447 1449 500 1493 et
526 1443 857 1493 trahentium
882 1442 1082 1493 faceret
1107 1442 1399 1493 laesionem.
1475 1442 1679 1493 Aderat
1698 1442 1863 1493 frater
1890 1460 1917 1493 e
1939 1442 2263 1493 monasterio

337 1515 526 1578 fidelis,
556 1515 643 1565 cui
668 1533 865 1581 magna
891 1532 1031 1565 curae
1057 1514 1287 1565 sollertis
1321 1513 1667 1565 incumbebat
1709 1514 2005 1580 diligentia,
2040 1520 2102 1564 ut
2129 1531 2259 1581 quo-

336 1587 483 1637 niam
509 1587 708 1637 infusio
736 1605 1006 1653 campanae
1034 1587 1100 1637 ad
1126 1592 1308 1637 votum
1337 1592 1583 1649 cesserat,
1624 1604 1740 1637 eam
1768 1587 1912 1637 salvo
1938 1586 2262 1636 incolumem

335 1659 604 1709 conductu
656 1658 723 1709 ad
770 1658 990 1709 beatum
1043 1658 1403 1709 Cuthbertum
1456 1659 1683 1709 afferret.
1788 1658 1898 1710 Qui
1949 1658 2261 1709 difficultate

335 1730 709 1798 hujuscemodi
734 1730 1143 1781 transvectionis
1171 1748 1307 1797 saepe
1333 1730 1492 1781 taedio
1520 1731 1758 1793 affectus,
1797 1748 1859 1781 ex
1895 1730 2262 1781 recordatione

335 1802 482 1854 beati
508 1802 672 1869 patris
700 1802 988 1869 resumptis
1015 1802 1215 1853 viribus
1253 1802 1564 1869 respirabat,
1601 1802 2072 1869 speransdndubie
2106 1802 2261 1851 illum

335 1875 393 1924 in
431 1874 591 1925 rebus
636 1874 940 1924 difficilibus
985 1873 1143 1924 solito
1182 1873 1286 1924 sibi
1329 1891 1477 1924 more
1520 1873 1904 1924 famulantibus
1946 1873 2257 1924 affuturum.

337 1947 556 1997 Interea
600 1963 722 1996 cum
767 1945 933 1996 boum
973 1945 1165 2012 viginti
1210 1945 1439 1995 duorum
1488 1951 1603 1996 toto
1650 1963 1909 2012 campana
1959 1946 2263 1996 traheretur

337 2018 634 2081 conamine,
663 2017 879 2084 quidam
904 2017 1213 2084 improvidae
1239 2017 1558 2068 temeritatis
1578 2017 1809 2084 juvenis,
1837 2035 1960 2067 cum
1987 2017 2260 2084 quippiam

335 2090 395 2140 in
434 2089 791 2140 anterioribus
826 2089 1079 2140 curriculi
1117 2089 1443 2151 emendaret,
1486 2089 1716 2139 stridens
1751 2089 1897 2139 hunc
1937 2097 2056 2139 rota
2086 2089 2261 2140 valido

336 2162 544 2228 impetu
585 2161 842 2229 arripiens
881 2179 977 2227 per
1010 2161 1251 2212 tunicam
1293 2179 1410 2227 quae
1451 2160 1532 2210 illi
1565 2161 1723 2227 pedes
1760 2178 1929 2227 usque
1954 2161 2118 2227 longa
2143 2179 2259 2228 per-

333 2234 666 2296 trahebatur,
707 2239 760 2284 et
798 2233 1056 2296 retinens,
1098 2250 1328 2299 pronum
1371 2232 1428 2282 in
1466 2238 1666 2283 terram
1706 2233 1911 2295 stravit,
1954 2251 2181 2299 eumque
2228 2252 2259 2283 a

337 2306 556 2357 renibus
584 2323 752 2372 usque
778 2305 1063 2355 humerum
1096 2311 1148 2356 et
1175 2304 1456 2355 brachium
1492 2305 1894 2372 conquassando
1932 2323 2263 2371 percurrens,

338 2377 657 2440 exanimem,
702 2382 764 2427 ut
801 2376 1109 2443 putabatur,
1154 2376 1387 2444 reliquit.
1472 2376 1610 2428 Quis
1654 2376 1798 2427 enim
1842 2376 1946 2427 nisi
1990 2383 2265 2427 mortuum

340 2449 579 2500 crederet
608 2467 767 2516 quem
793 2448 892 2499 sub
927 2454 1094 2499 tantae
1131 2448 1288 2498 molis
1323 2466 1634 2515 oppressum
1671 2448 1937 2511 machina,
1979 2448 2092 2499 sine
2117 2465 2263 2510 voce,

340 2522 453 2572 sine
479 2527 649 2583 motu,
678 2520 792 2572 sine
819 2538 980 2571 sensu
999 2521 1272 2588 jacentem
1298 2520 1538 2571 videret?
1614 2520 1820 2571 Videns
1854 2520 2019 2572 frater
2046 2520 2263 2571 auxilia-

340 2599 515 2644 torem
563 2592 762 2643 laboris
799 2598 1093 2655 mortuum,
1145 2610 1252 2659 prae
1297 2591 1546 2659 angustia
1590 2592 1763 2643 cordis
1809 2592 2001 2659 spiritu
2044 2592 2093 2643 ei
2130 2609 2265 2659 pene

342 2665 639 2727 deficiente,
681 2664 810 2731 quid
845 2670 1044 2731 ageret,
1085 2681 1190 2731 quo
1228 2681 1283 2715 se
1309 2669 1539 2714 verteret
1572 2664 1860 2715 nesciebat.
1938 2664 2264 2716 Exclamans

342 2754 469 2803 ergo
497 2754 620 2787 cum
645 2736 853 2802 ingenti
880 2736 1102 2803 gemitU,
1133 2740 1165 2763 “
1185 2736 1252 2798 O,
1283 2736 1537 2798 Sancte,'’
1558 2735 1753 2803 inquit,
1776 2741 1810 2764 ‘⁶
1829 2736 2144 2798 Cuthberte,
2172 2735 2266 2787 ubi

344 2812 378 2836 “
401 2809 496 2859 es‘?
575 2807 724 2859 Quid
750 2807 902 2874 agis?
983 2808 1140 2858 Hanc
1183 2807 1285 2858 tibi
1324 2807 1526 2858 devotis
1564 2808 1733 2858 vicem
1776 2807 2062 2874 rependis?
2138 2808 2267 2858 Non

345 2884 380 2907 “
401 2885 456 2930 te
482 2879 648 2929 talem
672 2896 817 2929 nunc
843 2879 1144 2929 invenimus
1174 2879 1386 2945 qualem
1414 2898 1552 2946 saepe
1579 2879 1899 2946 experiendo
1924 2879 2265 2930 didicimus.''

343 2951 463 3002 Nec
488 2951 643 3017 plura
667 2950 994 3017 impediente
1016 2950 1222 3017 gemitu
1240 2951 1470 3013 locutus,
1493 2952 1747 3017 juvenem
1767 2951 2047 3017 paululum
2075 2969 2104 3001 a
2123 2956 2267 3001 terra

340 3022 502 3091 jussit
529 3022 677 3088 erigi.
758 3022 885 3084 Qui,
906 3022 1165 3072 redeunte
1191 3022 1451 3088 paulatim
1473 3022 1681 3088 spiritu,
1702 3022 1843 3072 inter
1869 3040 2059 3072 manus
2080 3028 2265 3072 tenen-

345 3095 486 3144 tium
522 3094 727 3155 sedens,
776 3097 810 3120 “
828 3094 934 3155 O,”
978 3093 1171 3160 inquit,
1214 3097 1430 3160 “quam
1466 3093 1638 3159 gravis
1667 3099 1746 3144 est
1781 3094 1896 3144 haec
1935 3094 2264 3160 campana!”

346 3167 721 3232 Interrogatus
750 3183 780 3215 a
803 3164 968 3214 fratre
996 3183 1064 3214 an
1089 3164 1262 3215 vivere
1287 3170 1484 3231 posset,
1511 3164 1643 3214 nihil
1674 3182 1728 3215 se
1756 3165 1952 3216 sentire
1982 3165 2265 3216 fatebatur.

350 3239 531 3289 Exuta
576 3236 769 3287 dehinc
813 3235 996 3286 tunica
1040 3241 1100 3285 ut
1138 3235 1342 3286 videret
1388 3254 1456 3286 an
1506 3253 1623 3286 ossa
1674 3236 2001 3288 cohaererent
2046 3237 2268 3300 ossibus,

345 3309 552 3361 invenit
588 3308 880 3370 hominem,
920 3325 1080 3374 quem
1124 3307 1372 3361 omnibus
1410 3307 1702 3358 contritum
1739 3308 1995 3359 membris
2034 3308 2266 3376 suspica-

345 3382 523 3444 batur,
562 3397 673 3431 non
712 3380 883 3430 solum
924 3379 1128 3429 ossibus
1168 3385 1221 3430 et
1257 3384 1473 3429 artuum
1513 3380 1857 3447 compagibus
1892 3380 2136 3447 integris,
2177 3380 2269 3432 sed

346 3454 510 3505 etiam
537 3469 694 3503 carne
719 3451 901 3513 illaesa,
928 3450 1139 3500 nullum
1165 3467 1378 3517 prorsus
1397 3451 1593 3502 habere
1620 3452 1835 3518 signum
1860 3452 2121 3503 laesionis:
2159 3452 2271 3503 sola

347 3543 465 3594 quae
490 3524 730 3591 proxima
750 3522 895 3573 carni
923 3522 1216 3573 adhaeserat
1248 3522 1483 3584 camisia,
1509 3523 1603 3574 illo
1629 3529 1846 3574 tantum
1870 3524 1930 3573 in
1954 3524 2071 3574 loco
2098 3523 2189 3574 ubi
2215 3542 2270 3575 se

344 3598 554 3647 fervens
579 3602 710 3646 rotae
736 3593 1002 3645 currentis
1032 3593 1452 3660 praecipitaverat
1478 3595 1728 3662 impetus,
1767 3596 1965 3646 detrita
1989 3595 2269 3646 videbatur

344 3674 398 3719 et
428 3668 758 3735 interrupta,
800 3666 982 3716 tunica
1026 3671 1206 3716 tamen
1252 3684 1369 3732 quae
1414 3666 1707 3719 forinsecus
1750 3673 1863 3718 erat
1907 3667 2117 3717 nullum
2160 3684 2268 3718 suae
