2384 4126
296 384 404 434 224
1077 404 1352 437 APPENDIX
1391 404 1452 437 11.

295 527 489 595 primO,
519 527 584 580 ab
613 528 848 580 adventu
875 529 1062 580 Sancti
1088 529 1384 598 Augustini
1408 530 1468 580 in
1493 529 1752 596 Angliam
1787 528 2231 597 quinquagesimo

301 600 510 668 quinto,
558 619 622 652 ex
675 619 778 668 quo
831 607 1010 652 autem
1058 620 1188 669 gens
1230 601 1783 653 Northanimbrorum
1827 620 1919 669 per
1973 603 2234 652 Sanctum

301 673 612 724 Oswaldum
638 679 692 724 et
718 673 993 725 Aidanum
1029 675 1190 726 fidem
1218 675 1423 725 Christi
1460 674 1695 742 suscepit
1737 674 1965 741 septimo
2005 674 2231 737 decimO,

300 763 442 796 anno
483 746 638 813 regni
665 746 849 797 Oswiu
883 764 1044 810 nono,
1081 747 1176 798 ubi
1216 747 1315 798 sub
1358 747 1639 814 disciplina
1674 747 1880 808 Boisili,
1918 746 2232 798 sublimium

296 817 562 869 virtutum
590 818 881 870 sacerdotis
910 825 963 870 et
998 819 1267 882 monachi,
1309 825 1362 871 et
1404 819 1643 887 ejusdem
1677 819 1914 870 ecclesiae
1941 818 2231 886 praepositi,

299 890 516 957 degens,
554 891 702 941 omni
737 909 791 942 se
834 891 1143 942 monasticae
1176 891 1536 942 institutionis
1578 891 1934 953 observantia,
1964 891 2234 958 vigilando

296 962 565 1025 videlicet,
600 963 916 1031 jejunandO,
958 964 1177 1027 orando,
1218 970 1272 1015 et
1304 971 1497 1015 caetera
1523 982 1640 1031 quae
1667 964 1867 1031 regulae
1894 970 2020 1013 sunt
2048 963 2234 1014 sedulo

298 1035 610 1103 exequendo
637 1035 932 1099 exercebat,
962 1042 1015 1087 et
1041 1036 1270 1087 formam
1298 1036 1527 1103 exempli
1554 1054 1609 1087 50
1636 1036 1844 1087 cunctis
1869 1035 2157 1103 praebebat.

1030 1205 1295 1239 IIL—HIC
1337 1205 1521 1239 PRIOR.

408 1304 682 1356 Defuncto
711 1309 892 1354 autem
921 1301 1126 1353 Boisilo
1152 1302 1266 1368 ipse
1296 1319 1388 1369 pro
1423 1320 1485 1353 co
1520 1302 1721 1353 ibidem
1748 1302 2064 1370 praepositus
2090 1303 2231 1353 ordi-

296 1383 457 1427 natus
487 1383 584 1428 est.
664 1375 1047 1427 Peractis-vero
1074 1374 1150 1425 ibi
1175 1374 1320 1424 felici
1347 1375 1748 1426 conversatione
1775 1375 2033 1426 tredecim
2061 1376 2233 1438 annis,

297 1450 580 1500 transt-ulit
620 1467 744 1499 eum
787 1447 1251 1499 reverentissimus
1291 1446 1459 1514 ipsius
1507 1447 1688 1510 abbas,
1726 1448 1880 1509 Eata,
1921 1447 1980 1497 in
2016 1448 2232 1498 Lindis-

298 1522 548 1573 farnense
574 1521 981 1583 monasterium,
1012 1519 1153 1587 quod
1185 1526 1335 1582 tunc,
1371 1526 1432 1570 ut
1460 1520 1834 1582 Mailroscnse,
1879 1519 2085 1570 abbatis
2114 1521 2238 1589 jure

296 1594 549 1661 regebat3
593 1600 656 1644 ut
694 1593 789 1655 ibi,
828 1593 967 1643 sicut
1004 1598 1056 1643 et
1094 1592 1152 1642 in
1192 1592 1418 1643 Mailros
1458 1599 1578 1659 post
1617 1592 1825 1643 obitum
1862 1592 2006 1643 beati
2046 1593 2237 1643 Boisili

294 1667 515 1728 fecerat,
558 1666 799 1733 regulam
842 1664 1155 1716 monasticae
1191 1664 1552 1731 perfectionis,
1589 1664 1860 1732 praepositi
1896 1665 2234 1729 auctoritate,

297 1739 530 1801 doceret,
560 1756 699 1789 anno
727 1737 1026 1789 Dominicae
1062 1737 1448 1787 incarnationis
1484 1737 1871 1788 sexcentesimo
1907 1738 2236 1804 sexagesimo

298 1817 505 1878 quarto.
586 1810 714 1873 Qui,
763 1810 954 1878 qualis,
997 1815 1294 1876 quantusve
1338 1809 1395 1858 in
1438 1810 1625 1860 eodem
1663 1809 1991 1861 monasterio
2025 1810 2235 1872 vixerit,

296 1884 382 1935 vel
428 1883 621 1950 quibus
667 1901 721 1933 sc
766 1882 956 1932 studiis
1003 1882 1069 1932 ad
1121 1881 1353 1932 caelestia
1390 1882 1743 1948 promerenda
1789 1882 2103 1945 exercuerit,
2150 1883 2236 1934 vel

300 1956 468 2023 signis
508 1955 778 2016 claruerit,
824 1955 909 2005 vel
945 1954 1229 2021 quomodo,
1270 1960 1330 2003 ut
1368 1972 1554 2005 omnes
1592 1954 1946 2017 lucrifaceret,
1987 1954 2237 2005 omnibus

298 2029 480 2079 omnia
506 2028 680 2078 factus
708 2026 815 2091 sit,'²
842 2027 988 2093 legat
1014 2026 1216 2077 librum
1244 2026 1308 2077 dc
1325 2026 1436 2077 vita
1462 2034 1515 2078 et
1533 2026 1825 2077 virtutibus
1850 2026 1997 2077 beati
2017 2027 2115 2078 viri
2143 2027 2236 2093 qui

301 2101 435 2152 scire
463 2100 707 2152 voluerit.

975 2275 1164 2309 IV.—H
1174 2275 1224 2309 IC
1268 2275 1341 2308 HE
1352 2275 1418 2308 RE
1427 2275 1466 2308 M
1475 2275 1578 2309 ITA.

409 2374 654 2441 Cumque
681 2373 737 2423 in
765 2372 954 2424 eodem
989 2371 1318 2423 monasterio
1360 2371 1645 2423 duodecim
1681 2390 1947 2423 annorum
1974 2372 2238 2424 curricula

300 2446 636 2514 complesset,
679 2451 740 2496 ut
786 2445 1024 2496 Domino
1066 2446 1185 2497 Deo
1231 2462 1328 2496 suo
1375 2445 1631 2496 secretius
1676 2445 1951 2508 militaret,
2003 2445 2234 2496 insulam

300 2519 491 2582 Farne,
533 2518 826 2569 comitante
866 2517 1074 2569 abbatis
1112 2517 1195 2568 sui
1228 2523 1281 2569 et
1316 2517 1545 2568 fratrum
1584 2517 1774 2585 gratia,
1813 2518 2048 2568 multum
2087 2518 2235 2568 laeta-

298 2591 513 2642 bundus
564 2590 886 2657 ingreditur,
953 2596 1077 2641 ante
1127 2590 1306 2657 ipsum
1359 2589 1567 2640 cunctis
1626 2608 1763 2657 pene
1824 2590 2237 2641 inhabitabilem

299 2669 518 2730 propter
553 2663 950 2714 demorantium
990 2662 1067 2713 ibi
1101 2662 1361 2713 fantasias
1397 2662 1719 2713 daemonum.
1799 2663 1868 2713 In
1895 2662 1993 2713 hac
2019 2668 2236 2713 1311111111

300 2735 385 2785 5111
411 2741 525 2786 0131
560 2735 857 2802 negligens,
899 2740 1117 2785 tantum
1153 2734 1455 2786 caelestibus
1492 2734 1712 2785 ardebat
1748 2734 2041 2797 desideriis,
2082 2741 2237 2785 tanta

302 2807 468 2858 animi
494 2807 819 2874 perfectione
846 2807 1057 2857 Divinis
1085 2806 1403 2873 invigilabat
1429 2806 1717 2868 mandatis,
1760 2814 1813 2858 et
1841 2812 1995 2857 tanta
2027 2807 2238 2858 Divinae

302 2879 771 2946 contemplationis
793 2879 1031 2946 puritate
1052 2897 1336 2946 supernam
1359 2878 1661 2946 suspirabat
1680 2879 1929 2945 patriam,
1958 2884 2018 2929 ut
2045 2879 2238 2929 merito

300 2951 537 3002 multum
564 2950 896 3002 confidenter
922 2968 1043 3002 cum
1067 2951 1329 3018 Apostolo
1357 2951 1532 3001 dicere
1559 2958 1757 3017 posset,
1794 2952 1998 3002 Nostra
2027 2968 2237 3002 conver-

298 3024 436 3075 satio
463 3023 519 3074 in
546 3023 688 3074 coelis
715 3028 831 3074 est.⁶

759 3212 990 3247 V.—-HIC
1032 3213 1299 3248 ELIGITUR
1339 3215 1399 3248 IN
1441 3215 1766 3249 EPISCOPUM.

408 3311 572 3362 Anno
621 3310 922 3361 Dominicae
973 3310 1358 3362 incarnationis
1404 3313 1790 3364 sexcentesimo
1828 3312 2236 3393 septuagesimo

303 3390 472 3447 sexto,
502 3400 643 3434 anno
668 3383 823 3450 regni
848 3382 1060 3450 ngridi
1096 3391 1264 3446 sexto,
1300 3385 1654 3436 monachatus
1683 3386 1766 3435 sui
1791 3385 2042 3436 vicesimo
2070 3391 2235 3447 sexto,

301 3456 523 3506 1111131711
548 3455 782 3506 insulam
810 3455 983 3507 Farne
999 3454 1080 3505 1711·
1106 3424 1329 3507 Domini
1357 3457 1705 3520 Cuthbertus,
1732 3475 1827 3525 per
1850 3475 2043 3508 novem
2071 3474 2238 3507 annos

301 3528 439 3579 mira
483 3527 649 3579 animi
693 3526 970 3579 alacritate
1014 3527 1250 3578 Domino
1295 3529 1581 3580 militabat.
1673 3531 1868 3580 Postea
1912 3534 2237 3596 congregata

910 3661 925 3685 ²²
957 3661 1036 3713 Ep.
1058 3662 1108 3702 ad
1130 3662 1359 3714 Romanos,
1380 3664 1437 3705 ix.
1458 3668 1524 3705 22.

910 3722 924 3739 ⁰
953 3716 1033 3768 Ep,
1056 3718 1107 3757 ad
1127 3717 1329 3770 Philipp„
1351 3719 1410 3760 iii.
1432 3723 1498 3760 20.
