2384 4126
333 358 438 407 128
948 374 1220 408 sYMEONIs
1262 374 1651 408 DUNELMENSIS

329 499 474 551 beati
539 500 687 551 Petri
744 501 1128 568 Apostolorum
1179 501 1444 569 ‘principis
1506 501 1645 568 apud
1695 498 2260 562 Westmonasterium,

330 590 514 623 mense
542 573 864 640 Septembri,
897 591 1041 624 nona,
1067 573 1151 624 die
1178 573 1417 641 ejusdem
1443 573 1660 635 mensis,
1700 572 1795 623 ubi
1820 579 1941 640 post
1968 572 2262 623 multarum

332 644 718 696 discussionem
760 663 1041 697 causarum
1092 646 1431 713 promulgata
1472 651 1597 695 sunt
1641 645 1756 696 haec
1807 645 2040 712 capitula
2091 650 2143 695 et
2195 643 2261 695 ab

331 717 581 768 omnibus
623 718 954 781 confirmata,
993 736 1220 769 numero
1258 718 1381 785 xvij.
1460 717 1683 769 Praefuit
1719 723 1898 768 autem
1939 717 2020 767 illi
2058 717 2262 784 synodo

332 789 367 839 J
371 789 609 840 ohannes
636 789 700 841 de
728 790 939 852 Crema,
979 796 1178 841 sanctae
1206 791 1462 841 Romanae
1496 796 1549 841 et
1583 790 1907 856 Apostolicae
1934 789 2170 840 ecclesiae
2197 788 2262 839 de

331 861 493 912 titulo
522 862 707 913 Sancti
734 862 1027 929 Grisogoni
1062 861 1671 930 presbyter-cardinalis,
1713 866 1767 912 et
1800 861 2043 929 praedicti
2079 861 2262 911 domni

330 951 482 1001 papae
510 934 743 985 Honorii
767 935 824 984 in
849 934 1107 1001 Angliam
1132 934 1360 1001 legatuS,
1402 951 1524 984 cum
1550 933 1804 984 Turstino
1831 933 2173 995 Eboracensi,
2209 939 2262 984 et

331 1006 607 1056 Willelmo
649 1006 1027 1057 Cantuariensi
1071 1006 1497 1073 archiepiscopis,
1538 1011 1591 1056 et
1630 1023 1753 1056 cum
1792 1005 2050 1072 episcopis
2090 1005 2259 1055 diver-

334 1096 511 1128 sarum
539 1078 936 1145 provinciarum
967 1095 1193 1128 numero
1219 1096 1306 1140 xx,
1330 1084 1383 1128 et
1412 1077 1694 1128 abbatibus
1721 1077 1933 1129 circiter
1957 1078 2029 1141 xl,
2057 1083 2111 1128 et
2138 1095 2262 1128 cum

331 1149 618 1200 innumera
643 1149 771 1213 cleri
811 1156 864 1201 et
889 1149 1074 1216 populi
1101 1149 1467 1200 multitudine.

442 1223 756 1273 Sanctorum
785 1227 1006 1288 patrum
1031 1222 1266 1288 vestiqiis
1299 1222 1606 1272 inboerentes
1634 1238 1937 1288 quemquam
1963 1222 2018 1272 in
2044 1222 2261 1273 ecclesia

319 1311 423 1360 per
437 1294 719 1360 pecuniam
747 1295 987 1345 ordinari
1014 1295 1332 1345 auctoritate
1358 1293 1665 1361 Apostolica
1689 1293 2042 1359 prohibemus.

438 1367 810 1417 Interdicimus
836 1367 994 1417 etiam
1022 1371 1077 1417 ut
1092 1383 1196 1432 pro
1224 1366 1486 1429 crismate,
1515 1383 1619 1432 pro
1648 1366 1773 1428 ole0,
1804 1383 1906 1431 pro
1936 1365 2261 1431 baptismate,

321 1456 424 1505 pro
441 1439 769 1505 paenitentia,
786 1456 891 1505 pro
916 1439 1218 1492 visitatione
1242 1437 1567 1505 infirmorum
1592 1455 1681 1488 seu
1706 1438 1964 1500 unctione,
1993 1456 2097 1504 pro
2126 1456 2259 1490 com-

331 1512 570 1562 munione
606 1512 841 1578 corporis
886 1512 1099 1575 Christi,
1129 1529 1234 1577 pro
1265 1511 1534 1577 sepultura
1570 1511 1767 1561 nullum
1795 1511 1998 1561 omnino
2029 1512 2263 1577 pretium

330 1584 591 1651 ea‘iqatur.
1630 1578 1639 1588 ⁶

443 1657 737 1708 Statuimus
771 1661 1051 1723 prceterea,
1106 1662 1155 1707 et
1200 1656 1508 1723 Apostolica
1551 1654 1869 1706 auctoritate
1921 1655 2261 1719 decernimus,

332 1734 390 1780 ut
428 1730 483 1779 in
523 1729 999 1780 consecrationibus
1031 1729 1385 1794 episcoporum
1420 1729 1502 1779 vel
1526 1728 1770 1778 abbatum
1803 1727 2260 1790 benedictionibus,

330 1818 420 1852 seu
461 1802 515 1851 in
562 1802 977 1852 dedicationibus
1021 1801 1374 1862 ecclesiarum,
1408 1818 1510 1850 non
1546 1817 1731 1866 cappa,
1778 1817 1880 1850 non
1925 1804 2112 1865 tapete,
2160 1818 2261 1850 non

331 1873 730 1940 manuterqium,
773 1891 874 1924 non
917 1873 1175 1934 baccinia,
1218 1878 1268 1923 et
1303 1873 1381 1923 nil
1423 1872 1627 1923 omnino
1659 1888 1762 1937 per
1799 1872 2114 1935 violentiam,
2157 1873 2261 1923 nisi

331 1951 511 2012 sponte
539 1946 766 1997 oblatum
789 1945 980 2011 fuerit,
1006 1946 1221 2011 penitus
1248 1946 1509 2012 eoeiyatur.

441 2019 634 2069 Nullus
685 2018 863 2081 abbas,
915 2019 1087 2068 nullus
1133 2017 1312 2080 Prior,
1358 2018 1531 2067 nullus
1582 2015 1785 2066 omnino
1836 2017 2136 2079 monachus,
2183 2018 2265 2068 vel

334 2091 554 2141 clericus
580 2091 867 2153 ecclesiam,
896 2091 1003 2141 sive
1031 2090 1300 2153 decimam,
1337 2106 1426 2140 seu
1454 2088 1689 2155 quaelibet
1717 2088 1962 2154 beneficia
1989 2089 2259 2140 ecclesias-

333 2163 441 2213 tica
470 2163 531 2213 de
559 2163 690 2214 dono
717 2164 799 2213 vel
831 2180 987 2213 manu
1021 2162 1161 2223 laici,
1202 2162 1313 2212 sine
1337 2161 1551 2227 proprii
1590 2160 1817 2226 episcopi
1859 2162 2176 2212 auctoritate
2211 2167 2261 2212 et

332 2252 560 2296 assensu,
588 2235 859 2301 suscipiat.
944 2234 1094 2293 Quod
1115 2234 1162 2283 si
1178 2238 1552 2300 praesumptum
1567 2231 1755 2297 suerit,
1783 2233 1943 2284 irrita
1970 2234 2070 2284 erit
2098 2234 2259 2284 dona-

334 2307 407 2358 tio
435 2308 748 2374 hujusmodi,
778 2313 826 2358 et
853 2307 963 2372 ipse
992 2307 1251 2357 canonicae
1277 2306 1464 2356 ultioni
1490 2304 1792 2370 subjacebit.

445 2380 722 2431 Sancimus
755 2385 1017 2446 prceterea
1062 2396 1124 2429 ne
1170 2379 1285 2444 quis
1330 2378 1602 2429 ecclesiam
1641 2377 1742 2427 sibi
1785 2377 1893 2428 sive
1926 2377 2262 2443 proebendam

327 2457 554 2517 paterna
581 2452 814 2503 vendicet
842 2451 1165 2514 haereditate,
1200 2456 1293 2502 aut
1318 2467 1666 2501 successorem
1691 2449 1792 2500 sibi
1817 2450 1872 2500 in
1900 2451 2073 2516 aliquo
2101 2451 2260 2501 eccle-

332 2525 548 2576 siastico
578 2525 864 2576 constituat
891 2522 1150 2589 beneficio.
1235 2523 1385 2582 Quod
1407 2523 1455 2573 si
1470 2526 1848 2588 proesumptum
1871 2521 2062 2589 fuerit,
2090 2523 2263 2573 nullas

332 2597 470 2647 vires
496 2597 685 2648 babere
714 2597 1091 2663 permittimus,
1125 2596 1372 2657 dicentes,
1414 2612 1527 2645 cum
1560 2594 1866 2656 Psalmista,
1907 2594 2054 2645 Deus
2095 2612 2261 2656 meus,

333 2686 470 2735 pone
494 2669 617 2719 illos
643 2675 704 2719 ut
730 2674 905 2719 rotam
932 2668 1025 2735 qui
1049 2668 1319 2731 dixerunt,
1360 2666 1673 2718 haereditate
1706 2665 2074 2733 possideamus
2107 2684 2260 2717 sanc-

333 2740 573 2791 tuarium
599 2740 743 2792 Deis

442 2813 769 2879 Adjicientes
790 2829 1004 2880 quoque,
1025 2812 1307 2863 statuimus
1332 2817 1390 2863 ut
1411 2811 1589 2862 clerici
1616 2811 1705 2876 qui
1731 2811 1977 2861 ecclesias
2002 2828 2092 2861 seu
2114 2811 2259 2861 bene-

321 2884 456 2951 ficia
478 2885 703 2936 babeant
723 2886 1076 2947 ecclesiarum,
1105 2889 1155 2935 et
1182 2884 1420 2934 ordinari
1447 2900 1544 2949 quo
1567 2883 1779 2933 liberius
1798 2883 1977 2933 vivant
1996 2882 2259 2948 subtersu-

327 2957 499 3024 9iunt,
547 2974 660 3008 cum
687 2958 751 3007 ab
778 2957 1033 3023 episcopis
1058 2956 1270 3007 invitati
1297 2955 1523 3021 fuerint,
1564 2955 1611 3004 si
1639 2954 1712 3004 ad
1735 2954 1943 3004 ordines
1961 2955 2261 3020 promoveri

336 3029 753 3095 contempserint,
794 3028 1026 3079 ecclesiis
1059 3028 1216 3078 simul
1244 3033 1293 3078 et
1329 3026 1588 3092 beneficiis
1614 3043 1793 3076 earum
1808 3027 2104 3091 priventur.

443 3101 635 3151 Nullus
660 3101 716 3152 in
743 3101 1010 3163 decanum,
1051 3101 1224 3150 nullus
1257 3100 1313 3149 in
1344 3099 1587 3149 Priorem
1621 3098 1724 3148 nisi
1753 3098 2048 3164 presbyter,
2089 3099 2262 3149 nullus

333 3174 389 3225 in
417 3173 849 3224 archidiaconum
874 3173 978 3223 nisi
1000 3172 1251 3223 diaconus
1264 3175 1656 3238 promoveatur.

444 3245 636 3296 Nullus
673 3245 729 3295 in
757 3244 1142 3311 presbyterum,
1184 3245 1356 3294 nullus
1396 3243 1451 3293 in
1492 3242 1767 3293 diaconum
1808 3242 1910 3293 nisi
1953 3242 2026 3292 ad
2066 3248 2262 3294 certum

335 3319 543 3370 titulum
584 3317 890 3368 ordinetur:
938 3316 1037 3374 Qui
1076 3332 1196 3367 vero
1239 3315 1472 3366 absolute
1500 3312 1672 3380 suerit
1717 3315 2011 3377 ordinatus,
2053 3320 2260 3380 sumpta

335 3395 518 3442 careat
543 3389 817 3456 diqnitate.

443 3462 636 3513 Nullus
680 3462 859 3523 abbas,
901 3460 1073 3510 nullus
1117 3459 1321 3510 omnino
1362 3458 1581 3509 ctericus
1624 3459 1706 3509 vel
1747 3459 1913 3510 laicus
1955 3475 2259 3525 quemquam

322 3552 425 3601 per
475 3534 767 3600 episcopum
816 3533 871 3583 in
916 3531 1135 3583 ecclesia
1187 3531 1486 3582 ordinatum
1538 3530 1730 3597 absque
1771 3531 1982 3597 proprii
2035 3530 2261 3595 episcopi

1027 3692 1041 3708 ⁰
1069 3683 1211 3723 Psalm
1230 3683 1392 3725 lxxxiii.
1416 3687 1557 3724 12-13.
