2384 4126
745 397 1013 430 Hls'romffl
1054 395 1436 434 CONTINUATIQ
1936 384 2038 431 129

112 524 320 590 judicio
337 527 624 588 prcesumat
651 522 850 587 ejicere.
933 522 1031 580 Qui
1058 526 1228 571 autem
1254 538 1400 572 secus
1421 520 1608 587 facere
1623 524 2034 587 praesumpserit,

129 594 643 645 eoecommunicationi
667 594 953 659 subjaceat.

236 666 428 716 Nullus
465 667 816 731 episcoporum
851 665 1068 715 alterius
1094 664 1477 730 parochianum
1513 664 1760 715 ordinare
1785 666 1868 715 vel
1882 665 2032 730 judi-

128 754 249 787 care
263 743 550 802 praesumat
565 759 581 795 ‚·
621 736 970 802 unusquisque
1009 736 1143 786 enim
1181 753 1277 786 suo
1315 735 1531 785 domino
1572 742 1678 786 stat
1720 741 1811 785 aut
1853 734 2038 798 eaditfl

127 825 219 858 nec
245 813 448 858 tenetur
474 809 664 874 aliquis
688 808 945 858 sententia
973 825 1004 857 a
1029 825 1121 858 suo
1149 824 1250 858 non
1266 807 1450 873 judice
1470 808 1705 873 prolata.

235 880 398 929 Nemo
440 880 935 930 ea’communicatum
974 879 1191 930 alterius
1220 884 1509 944 praesumat
1544 879 1599 929 in
1635 879 2035 929 communionem

125 951 416 1016 suscipere:
458 951 597 1017 quod
629 951 716 1016 qui
749 951 972 1001 scienter
998 949 1211 1015 fecerit,
1247 955 1297 1000 et
1326 950 1435 1015 ipse
1471 950 1820 1000 communione
1856 956 2034 1001 careat

132 1023 449 1073 Christiana.

234 1094 575 1159 Praecipimus
601 1094 757 1144 etiam
787 1110 849 1144 ne
873 1094 964 1143 uni
987 1111 1225 1158 personae
1251 1093 1306 1143 in
1331 1093 1546 1144 ecclesia
1575 1094 2035 1144 archidiaconatus

126 1170 218 1215 aut
245 1166 436 1216 diversi
462 1166 762 1216 tribuantur
788 1167 1020 1215 honores.

236 1237 580 1303 Presbyteris,
634 1237 953 1298 diaconibus,
998 1236 1412 1297 subdiaconibus,
1465 1237 1746 1299 canonicis,
1797 1253 2034 1299 uxorum,

128 1308 546 1369 concubinarum,
583 1313 633 1358 et
659 1309 882 1358 omnium
918 1309 1120 1358 omnino
1143 1306 1467 1372 feminarum
1496 1309 1830 1359 contubernia
1859 1315 2036 1359 aucto-

125 1380 286 1430 ritate
327 1380 629 1445 Apostolica
672 1380 974 1441 inhibemus,
1010 1385 1209 1444 praeter
1248 1385 1482 1441 matrem,
1530 1386 1625 1430 aut
1666 1397 1910 1443 sororem,
1958 1382 2039 1431 vel

128 1451 360 1513 amitam,
399 1452 505 1501 sive
531 1451 650 1500 illas
676 1451 915 1501 mulieres
941 1468 1050 1516 quce
1078 1451 1279 1501 omnino
1308 1456 1522 1501 careant
1547 1452 1853 1517 suspicione.
1935 1452 2034 1509 Qui

127 1522 321 1572 decreti
359 1523 511 1588 liujus
547 1523 771 1573 violator
807 1522 1059 1583 ea‘titerit,
1100 1520 1360 1586 consessus
1393 1523 1475 1572 vel
1510 1524 1789 1585 convictus,
1828 1523 2034 1573 ruinam

116 1593 326 1658 proprii
352 1594 551 1644 ordinis
565 1594 828 1658 patiatur.

243 1665 464 1715 Usuram
489 1670 539 1714 et
565 1670 713 1729 turpe
739 1665 937 1714 lucrum
963 1664 1166 1714 clericis
1192 1665 1495 1715 omnimodis
1510 1666 1860 1730 prohibemus.
1938 1666 2036 1724 Qui

125 1752 243 1786 vero
269 1753 423 1801 super
449 1736 662 1786 crimine
688 1736 783 1785 tali
811 1733 1072 1799 confessus
1092 1733 1265 1800 suerit
1306 1741 1397 1785 aut
1433 1737 1712 1799 convictus,
1754 1755 1785 1786 a
1814 1738 2034 1802 proprio

120 1807 296 1872 yradu
322 1807 616 1872 dejiciatur.

236 1878 539 1945 Sortileyos‘,
581 1878 788 1940 ariolos,
831 1883 880 1928 et
906 1878 1130 1944 auyuria
1158 1895 1365 1944 quoeque
1390 1884 1665 1942 sectantes,
1709 1880 1880 1946 eisque
1915 1897 2033 1930 con-

124 1950 400 2000 sentientes
449 1950 884 2000 eoecommunicari
925 1950 1281 2015 praecipimus,
1326 1956 1680 2017 perpetuaque
1732 1952 2038 2002 damnamus

125 2019 363 2086 infamia.

235 2093 382 2143 Inter
419 2093 824 2159 consanguineos
856 2110 946 2143 seu
981 2093 1236 2161 affinitate
1251 2094 1576 2160 propinquos
1600 2112 1760 2161 usque
1786 2095 1858 2144 ad
1880 2095 2037 2160 septi..

127 2181 264 2214 mam
284 2165 669 2230 generationem
695 2164 1030 2215 matrimonia
1058 2166 1299 2215 contrabi
1322 2166 1659 2231 prohibemus
1678 2188 1692 2216 .·
1733 2166 1780 2216 si
1807 2167 1895 2233 qui
1920 2183 2040 2219 vero

128 2235 284 2286 aliter
310 2236 571 2301 conjuncti
589 2235 815 2301 fuerint,
842 2241 1156 2300 seperentur.

234 2307 602 2357 Interdicimus
628 2307 784 2357 etiam
810 2312 868 2357 ut
893 2307 995 2357 viri
1010 2307 1262 2372 proprias
1288 2324 1476 2359 ua‘ores
1503 2308 1565 2358 de
1593 2309 2044 2374 consanyuinitate

129 2378 443 2442 impetentes,
481 2383 530 2428 et
557 2383 712 2428 testes
738 2395 864 2444 quos
890 2378 1174 2440 adducunt,
1215 2396 1316 2429 non
1340 2380 1712 2444 suscipiantur,
1752 2381 1845 2430 sed
1857 2381 2043 2446 prisca

117 2454 337 2513 patrum
363 2450 417 2499 in
445 2449 676 2499 omnibus
701 2454 934 2499 servetur
961 2450 1267 2500 auctoritas

241 2520 343 2570 His
369 2520 550 2570 taliter
576 2519 802 2570 sinodali
838 2519 1050 2570 decreto
1087 2520 1431 2582 confirmatis,
1475 2522 1507 2570 J
1512 2521 1780 2573 ohannem
1816 2523 2044 2573 Romam

128 2597 484 2642 revertentem
512 2591 850 2652 comitantur,
881 2590 946 2640 ab
976 2591 1090 2657 ipso
1118 2592 1337 2653 evocati,
1374 2592 1657 2643 Turstinus
1695 2594 2046 2644 Eboraeensis

130 2662 572 2729 arehiepiSCOPUS,
617 2668 669 2712 et
708 2662 1015 2714 Willelmus
1055 2662 1473 2725 Cantuariensis,
1517 2664 1580 2715 de
1622 2664 1730 2715 suis
1776 2665 1947 2715 causis
1991 2666 2048 2717 in

131 2733 442 2800 Apostolica
471 2733 743 2783 audientia
770 2733 957 2783 acturi.

238 2804 533 2855 Monetarii
559 2805 723 2854 totius
749 2804 962 2871 Angliae
1002 2804 1319 2872 principales
1357 2805 1671 2873 deprehensi
1704 2807 2049 2871 adulterinos,

131 2876 333 2926 scilieet
359 2894 469 2926 non
494 2893 670 2942 puros,
700 2894 762 2926 ex
791 2882 1010 2942 argento
1036 2876 1224 2927 fecisse
1252 2877 1513 2939 denariOS,
1537 2879 1693 2945 jussu
1718 2879 1859 2946 regis
1893 2880 2053 2930 simul

135 2947 424 2999 Wintoniae
470 2946 779 3014 congregati
826 2965 1009 2999 omnes
1054 2966 1161 2998 una
1202 2948 1304 3011 die,
1352 2950 1640 3015 amputatis
1686 2950 1902 3014 dextris,
1945 2951 2049 3001 evi*

131 3025 335 3069 rantur.
1017 3038 1021 3041 ·

970 3144 1217 3178 MCXXVII.

244 3232 404 3281 Anno
450 3232 703 3299 M.exxvij.
799 3232 1068 3283 Henricus
1117 3251 1208 3285 rex
1264 3251 1385 3283 eum
1436 3234 1546 3285 filia
1596 3235 1943 3302 Imperatrice
1997 3237 2051 3303 iij

133 3300 256 3351 idus
294 3302 623 3368 Septembris
661 3302 821 3354 rediit
855 3304 913 3353 in
938 3304 1209 3371 Angliam.
1288 3305 1570 3356 Turstinus
1606 3306 1974 3369 Eboracensis,
2002 3315 2055 3358 et

135 3371 442 3423 Willelmus
487 3373 889 3426 Cantuariensis
941 3375 1320 3443 archiepiscopi
1369 3376 1597 3428 redeunt
1649 3379 1836 3429 Roma.
1915 3379 2051 3428 Wil-

133 3442 328 3493 lelmus
355 3442 567 3509 quidem
593 3444 801 3511 legatus
827 3446 1125 3514 Apostolici
1150 3465 1245 3514 per
1273 3448 1544 3515 Angliam,
1573 3448 1665 3499 sed
1691 3449 1973 3500 'furstinus
1998 3449 2056 3503 in

136 3519 282 3565 statu
309 3531 412 3581 quo
438 3514 611 3565 fuerat
638 3516 940 3569 revertitur.

846 3681 863 3704 ‘¹
892 3680 973 3731 Ep.
995 3681 1046 3720 ad
1068 3680 1190 3722 Rom.
1213 3681 1294 3722 xiv.
1317 3685 1354 3722 4.
