2384 4126
710 391 836 424 VITA
876 393 915 426 8.
959 392 1300 426 MARGARETAE
1343 393 1577 427 REGINAE.
1988 380 2093 428 253

289 514 535 581 Jamque,
582 515 900 582 frigescente
944 523 1059 568 toto
1100 535 1334 585 corpore,
1376 518 1726 569 nihilominus
1766 524 1946 570 tamen
1981 519 2097 586 ipsa

183 602 390 651 semper
430 586 645 649 orabat,
688 595 740 638 et
791 589 1291 656 quinquagesimum
1342 590 1617 640 Psalmum
1668 608 1731 641 ex
1776 590 1960 641 ordine
2003 591 2093 641 de-

181 662 419 720 cantans,
472 675 680 709 crucem
731 659 949 711 interim
1000 661 1101 712 sibi
1153 668 1276 712 ante
1327 662 1505 712 oculos
1558 668 1818 724 statuens,
1870 668 2095 728 utraque

176 744 339 777 manu
366 729 598 780 tenebat.

283 799 499 850 Interea
524 801 663 851 filius
691 802 847 869 ejuss
873 803 964 869 qui
989 810 1109 870 post
1143 810 1348 871 patrem
1386 805 1538 871 regni
1579 805 1942 871 gubernacula
1976 805 2090 871 jam

174 887 318 920 nunc
342 871 400 921 in
425 873 678 938 praesenti
702 880 868 936 tenet,
895 876 1104 926 rediens
1140 875 1205 926 de
1241 876 1510 939 exercitio,
1553 876 1860 927 cubiculum
1894 877 2093 942 reginae

175 940 410 993 intravit.
504 944 640 995 Quae
688 945 769 995 illi
820 951 950 996 tunc
1002 948 1292 1013 angustiae!
1390 948 1524 999 Quis
1571 948 1737 999 animi
1788 948 2085 999 cruciatus!

177 1013 340 1064 Stetit
379 1014 455 1065 ibi
496 1016 727 1066 adversis
769 1017 1005 1084 undique
1049 1018 1208 1069 rebus
1250 1026 1597 1086 angustatus,
1640 1038 1745 1086 quo
1781 1038 1836 1071 se
1863 1025 2092 1070 verteret

172 1085 458 1136 nesciebat.
535 1088 750 1139 Patrem
777 1107 1008 1156 namque
1036 1107 1155 1140 cum
1186 1090 1350 1142 fratre
1385 1097 1719 1158 peremptum
1756 1091 1918 1142 matri
1951 1110 2089 1141 nun-

173 1156 408 1207 ciaturus
430 1158 643 1210 advenit
659 1181 672 1222 3
702 1169 946 1223 matrem,
966 1180 1126 1228 quam
1148 1163 1408 1229 praecipue
1429 1169 1714 1225 amaverat,
1737 1163 1850 1230 jam
1871 1164 2092 1231 jamque

170 1228 487 1279 morituram
512 1230 733 1282 invenit.
814 1233 990 1284 Quem
1015 1233 1248 1300 primum
1273 1235 1552 1301 plangeret
1577 1235 1877 1301 ignorabat.
1954 1235 2089 1285 Dul-

171 1299 397 1352 cissimae
422 1309 604 1353 tamen
629 1304 816 1354 matris
843 1305 1117 1355 abscessus
1146 1306 1347 1357 acriore
1382 1306 1563 1357 dolore
1598 1325 1689 1357 cor
1714 1307 1857 1357 illius
1885 1325 2087 1373 punge-

168 1370 278 1434 bat,
331 1390 490 1439 quam
543 1381 666 1425 ante
716 1376 898 1426 oculos
949 1395 1070 1427 suos
1098 1396 1257 1443 ,pene
1314 1385 1585 1428 mortuam
1630 1379 1808 1446 jacere
1857 1378 2086 1429 videbat.

170 1444 340 1509 Super
383 1445 497 1495 haec
535 1447 715 1497 omnia
753 1465 873 1497 eum
920 1465 1047 1499 cura
1083 1449 1147 1499 de
1189 1455 1335 1499 statu
1371 1450 1525 1516 regni
1564 1450 1904 1512 sollicitabat,
1946 1450 2088 1517 quod

167 1522 339 1566 morte
377 1517 541 1583 patris
585 1519 1007 1584 perturbandum
1048 1537 1144 1586 pro
1180 1527 1324 1571 certo
1359 1527 1595 1572 noverat.
1674 1521 1930 1588 Undique
1955 1539 2086 1572 moe-

165 1604 358 1649 rorem,
400 1589 637 1656 undique
673 1596 1010 1641 contraxerat
1044 1592 1156 1658 ipse
1182 1593 1437 1643 dolorem.
1518 1592 1742 1659 Regina,
1783 1611 1905 1643 cum
1940 1594 2086 1644 velut

167 1658 225 1707 in
253 1659 442 1725 agonia
464 1661 647 1726 jacens
677 1680 706 1711 a
732 1663 1084 1728 praesentibus
1119 1670 1271 1730 rapta
1304 1670 1602 1730 putaretur,
1640 1664 1816 1716 subito
1852 1664 2086 1714 collectis

166 1730 368 1780 viribus
410 1732 579 1781 filium
622 1733 923 1799 alloquitur.
1003 1735 1374 1801 Interrogatur
1408 1735 1551 1785 enim
1587 1735 1652 1785 ab
1680 1754 1741 1786 ea
1766 1736 1831 1786 de
1859 1743 2006 1802 patre
2034 1743 2087 1786 et

165 1802 347 1852 fratre.
427 1803 531 1853 Sed
557 1804 648 1870 ille
676 1806 816 1871 quod
836 1823 1022 1856 verum
1050 1814 1163 1857 erat
1190 1807 1364 1857 dicere
1390 1808 1583 1869 noluit,
1612 1825 1679 1857 ne
1707 1807 1889 1858 audita
1914 1815 2086 1858 morte

165 1873 380 1923 illorum
408 1875 663 1926 continuo
691 1883 743 1927 et
769 1876 884 1943 ipsa
909 1884 1234 1929 moreretur:
1262 1896 1388 1928 nam
1414 1879 1786 1945 respondebat,
1810 1897 1898 1929 eos
1924 1879 2084 1930 bene-

166 1944 356 1996 valere.
433 1947 508 1996 At
546 1946 640 1997 illa
681 1949 912 2014 graviter
957 1950 1244 2016 suspirans,
1289 1950 1521 2012 “Scio,''
1550 1950 1741 2018 inquit,
1781 1955 1815 1978 “
1834 1951 1928 2013 fili,
1958 1951 2082 2001 scio.

169 2021 201 2043 “
223 2017 325 2067 Per
358 2017 496 2068 hanc
531 2026 769 2069 sanctam
807 2038 1035 2082 crucem,
1074 2040 1169 2088 per
1209 2028 1407 2073 nostrae
1449 2022 1927 2089 consanguinitatis
1964 2040 2083 2089 pro-

170 2092 204 2115 “
225 2088 581 2155 pinquitatem
625 2098 678 2141 te
723 2091 926 2159 adjuro,
967 2099 1030 2142 ut
1074 2094 1216 2159 quod
1259 2111 1444 2144 verum
1484 2094 1625 2144 nosti
1673 2094 1905 2144 edicas.”
1983 2095 2084 2144 Ille

170 2165 401 2222 coactus,
453 2179 585 2224 rem,
637 2162 774 2213 sicut
824 2170 938 2214 erat
978 2170 1145 2230 gesta,
1197 2165 1456 2231 exposuit.
1538 2165 1683 2218 Quid
1717 2184 1833 2216 eam
1870 2171 2084 2232 putares

172 2233 451 2281 acturam?
529 2233 662 2284 Quis
704 2234 762 2284 in
802 2241 884 2285 tot
920 2236 1328 2286 adversitatibus
1370 2243 1556 2287 contra
1591 2237 1767 2287 Deum
1804 2254 1913 2287 non
1938 2255 2084 2287 mur-

170 2309 502 2353 muraturam
541 2305 814 2356 crederet?
890 2307 1094 2357 Eodem
1130 2308 1323 2374 quippe
1358 2314 1596 2375 tempore
1632 2309 1916 2375 conjugem
1951 2309 2082 2358 ami-

171 2380 326 2436 serat,
369 2375 538 2425 filium
579 2377 896 2442 perdiderat,
949 2379 1175 2445 seipsam
1209 2379 1491 2429 infirmitas
1538 2379 1604 2429 ad
1644 2385 1872 2430 mortem
1916 2398 2085 2446 usque

173 2446 514 2496 cruciaverat.
582 2448 687 2498 Sed
712 2449 768 2498 in
795 2449 1041 2500 omnibus
1070 2450 1153 2500 his
1178 2468 1287 2501 non
1314 2451 1550 2517 peccavit
1576 2450 1729 2501 labiis
1758 2451 1884 2513 81118,
1912 2469 2085 2517 neque

170 2517 398 2567 stultum
443 2518 570 2585 quid
615 2525 801 2570 contra
844 2521 1020 2572 Deum
1062 2522 1242 2572 locuta
1280 2528 1389 2584 est,
1435 2522 1563 2588 quin
1602 2522 1780 2589 potius
1814 2522 1995 2573 oculos
2031 2529 2084 2573 et

169 2607 360 2639 manus
406 2590 471 2639 ad
514 2591 702 2641 caelum
744 2592 992 2659 dirigens,
1038 2593 1095 2643 in
1136 2593 1349 2644 laudem
1390 2600 1442 2644 et
1484 2594 1775 2660 gratiarum
1819 2594 2083 2644 actionem

169 2660 428 2727 prorupit,
467 2661 678 2713 dicens:
722 2664 985 2715 “Laudes
1030 2671 1083 2716 et
1127 2665 1325 2731 gratias
1368 2665 1487 2727 tibi,
1524 2665 1878 2732 Omnipotens
1916 2666 2082 2728 Deus,

171 2736 204 2758 “
221 2732 409 2793 refero,
444 2733 553 2783 Qui
577 2752 663 2785 me
688 2740 866 2786 tantas
891 2736 949 2785 in
973 2754 1093 2787 meo
1120 2737 1266 2787 exitu
1301 2737 1574 2803 angustias
1604 2737 1848 2798 tolerare,
1881 2737 2082 2803 hasque

170 2807 203 2830 “
225 2803 544 2855 tolerantem
589 2806 654 2856 ab
706 2807 968 2873 aliquibus
1017 2809 1219 2875 peccati
1256 2808 1497 2869 maculis,
1544 2814 1605 2858 ut
1650 2826 1818 2875 spero,
1863 2809 2083 2859 voluisti

168 2878 203 2901 “
223 2875 538 2927 mundare.'’
618 2877 867 2929 Senserat
891 2879 985 2930 illa
1009 2886 1236 2930 mortem
1265 2880 1464 2942 adesse,
1504 2898 1731 2947 moxque
1766 2880 2079 2942 orationem,

168 2964 285 3012 quae
318 2953 435 3013 post
468 2949 863 3015 perceptionem
903 2951 1176 3002 Dominici
1210 2952 1441 3018 corporis
1471 2958 1523 3002 et
1551 2951 1826 3018 sanguinis
1853 2970 1883 3001 a
1909 2969 2079 3002 sacer-

166 3018 291 3068 dote
326 3018 430 3068 dici
465 3020 617 3082 solet,
656 3020 884 3088 incepit:
931 3027 963 3049 “
985 3023 1275 3085 Domine,’'
1302 3023 1568 3089 inquiens,
1599 3027 1632 3050 “
1650 3024 1682 3073 J
1687 3023 1820 3073 hesu
1847 3023 2077 3085 Christe,

167 3093 202 3116 “
224 3089 316 3155 qui
378 3107 440 3140 ex
492 3091 766 3142 voluntate
823 3094 1013 3155 Patris,
1079 3100 1396 3161 cooperante
1455 3095 1660 3161 Spiritu
1718 3095 1933 3155 Sancto,
1985 3112 2080 3161 per

166 3163 198 3186 “
219 3166 447 3211 mortem
472 3163 640 3212 Tuam
668 3164 930 3215 mundum
955 3165 1245 3228 vivificasti,
1274 3166 1443 3217 libera
1476 3166 1618 3216 me.”
1697 3167 1833 3217 Cum
1860 3166 2076 3227 diceret,

167 3235 201 3258 “
224 3232 419 3282 Libera
444 3234 584 3295 me,’'
621 3234 845 3286 liberata
869 3236 1094 3287 vinculis
1137 3237 1368 3303 corporis
1406 3238 1600 3299 anima,
1644 3238 1709 3287 ad
1742 3253 1878 3287 verae
1917 3237 2076 3286 liber-

164 3302 308 3365 tatis,
356 3303 530 3354 Quem
583 3323 791 3372 semper
839 3307 1114 3370 dilexerat,
1167 3315 1437 3359 auctorem
1483 3309 1760 3358 Christum
1810 3308 2077 3373 migravit,

163 3375 426 3440 particeps
462 3375 651 3426 effecta
685 3394 868 3428 eorum
903 3379 1191 3441 felicitatis,
1231 3398 1457 3446 quorum
1493 3387 1676 3430 secuta
1716 3386 1796 3429 est
1835 3379 2079 3444 exempla

161 3445 393 3495 virtutis,
458 3447 630 3497 Tanta
656 3448 800 3498 enim
828 3467 947 3499 cum
976 3451 1382 3517 tranquillitate,
1411 3458 1564 3500 tanta
1584 3468 1704 3500 cum
1734 3450 1909 3516 quiete
1929 3449 2074 3499 illius

161 3516 337 3567 fuerat
363 3517 551 3579 exitus,
578 3524 658 3579 ut,
696 3519 761 3569 ad
797 3517 1008 3572 aeternae
1050 3522 1243 3589 quietis
1280 3528 1333 3572 et
1367 3522 1510 3589 pacis
1543 3521 1814 3587 regionem
1844 3520 2077 3570 animam

597 3684 611 3700 Τ
641 3676 776 3716 Filius
796 3690 897 3716 suus
917 3677 1124 3728 Edgarus.
1183 3678 1388 3726 Tiberius,
1409 3677 1458 3717 E.
1480 3677 1522 3726 i.,
1543 3679 1635 3716 186.
