2384 4126
811 359 998 392 SANCTI
1040 359 1370 392 CUTHBERTI.
1939 346 1962 393 1
1974 346 2036 395 71

125 486 274 536 Tunc
301 485 513 552 quidem
539 484 723 536 habito
750 484 891 535 inter
918 503 972 536 se
1000 484 1239 546 consilio,
1280 485 1555 551 episcopus
1591 502 1713 535 cum
1749 502 2037 552 congrega-

123 557 286 619 tione,
308 557 591 623 cunctique
617 557 673 606 in
699 563 841 607 terra
861 557 1104 607 meliores
1125 556 1424 607 venerabile
1451 556 1615 623 patris
1643 574 1830 623 corpus
1859 574 2040 607 secum

124 634 545 695 asportaverunt,
571 628 800 679 invicem
827 628 1160 680 conferentes
1193 628 1682 695 incomparabiliter
1715 627 1816 678 sibi
1849 628 2039 678 melius

124 700 236 750 fore
262 718 371 750 una
398 700 482 751 die
509 718 693 751 omnes
718 700 954 762 interire,
998 718 1154 767 quam
1200 700 1313 750 sine
1347 700 1461 767 ipso
1494 700 1676 766 fugam
1711 699 1864 750 inire.
1941 701 2040 750 Est

122 770 299 821 insula
339 790 455 839 quae
500 772 873 823 Lindisfarnea
914 772 1129 834 dicitur,
1182 773 1335 839 cujus
1386 789 1546 839 supra
1590 789 1800 838 quoque
1850 772 2037 822 memi-

122 843 317 906 nimus,
359 844 454 894 ubi
495 862 614 895 cum
661 844 718 893 in
760 844 860 894 hac
902 844 1074 894 carnis
1119 844 1432 894 infirmitate
1477 843 1713 910 degeret,
1759 843 1873 910 ipse
1924 861 2037 894 mo-

120 915 323 965 nachus
385 916 767 966 monachorum
820 916 977 966 caetui
1024 916 1295 983 praepositi
1350 915 1590 982 prioratu
1644 915 1915 982 praelatus,
1981 933 2041 966 ac

121 986 313 1038 deinde
347 987 639 1054 pontificali
683 988 804 1038 sede
846 987 1164 1050 sullimatus,
1209 987 1274 1038 ad
1309 993 1641 1054 postremum
1679 1005 1906 1054 quoque,
1948 987 2037 1038 de-

123 1076 276 1109 curso
325 1060 486 1127 hujus
536 1059 657 1110 vitae
706 1060 955 1123 termino,
1007 1060 1182 1110 fuerat
1231 1060 1547 1109 tumulatus.
1652 1059 1785 1110 Haec
1846 1059 2039 1126 quippe

120 1130 314 1192 insula,
342 1131 711 1182 recedentibus
747 1137 800 1182 et
832 1131 1206 1183 accedentibus
1238 1131 1424 1182 oceani
1463 1131 1694 1193 aestibus,
1724 1131 1803 1182 bis
1833 1149 2041 1198 quaque

123 1202 208 1253 die
248 1203 381 1253 adiri
417 1203 559 1254 valet
603 1203 794 1254 itinere
836 1209 1065 1264 terreno,
1112 1203 1415 1270 totiensque
1453 1221 1562 1253 non
1599 1203 1705 1253 nisi
1742 1203 1918 1253 navali
1955 1204 2038 1253 in-

121 1275 362 1341 greditur
386 1275 646 1326 vehiculo.
724 1275 811 1325 Ad
838 1293 997 1342 quam
1025 1276 1163 1326 circa
1188 1293 1480 1343 vesperam,
1510 1293 1614 1342 qua
1638 1275 1884 1325 videlicet
1910 1275 2041 1326 hora

121 1352 251 1397 tunc
290 1347 581 1397 secundum
621 1353 828 1397 naturae
870 1365 977 1398 suae
1017 1347 1328 1414 qualitatem
1369 1347 1782 1414 circumquaque
1820 1347 2040 1414 plenum

121 1424 236 1469 erat
280 1437 445 1481 mare,
485 1419 649 1485 ipsius
695 1436 817 1469 cum
862 1436 1078 1486 corpore
1123 1419 1460 1469 sanctissimo
1498 1418 1781 1469 innumera
1819 1419 1947 1470 cleri
1986 1425 2039 1469 et

119 1490 303 1557 populi
328 1491 606 1558 utriusque
632 1508 784 1541 sexus
813 1496 867 1541 et
892 1491 1068 1541 aetatis
1093 1490 1385 1541 multitudo
1420 1508 1543 1541 cum
1570 1490 2037 1557 appropinquaret,

120 1580 246 1612 nam
284 1563 341 1612 in
381 1581 459 1625 ea,
503 1580 777 1629 quousque
818 1562 945 1629 quid
987 1568 1167 1629 ageret
1205 1562 1468 1613 exercitus
1507 1562 1721 1624 scirent,
1761 1569 2039 1629 expectare

120 1634 477 1696 decreverant,
524 1634 591 1684 ad
629 1634 858 1684 invicem
904 1634 1263 1684 conferebant.
1342 1638 1376 1661 “
1398 1633 1566 1684 Modo
1603 1634 1731 1700 quid
1763 1634 2039 1697 faciemuS,

121 1711 155 1734 “
178 1706 267 1773 qui
293 1724 360 1757 ne
386 1706 619 1756 insulam
644 1706 905 1756 intremus
937 1706 1198 1756 fluctuum
1226 1705 1511 1756 altitudine
1545 1705 1908 1772 prohibemur,
1940 1724 2040 1757 nec

120 1782 281 1845 “quo
319 1784 527 1828 tantam
565 1777 777 1844 frigoris
819 1777 1161 1844 asperitatem
1202 1777 1531 1828 declinemus
1569 1777 1823 1828 manendi
1859 1777 2038 1828 locum

119 1849 488 1901 “habemus’'
564 1850 696 1900 Erat
731 1849 873 1900 enim
912 1855 1043 1900 tunc
1083 1849 1274 1900 hiemis
1311 1849 1480 1916 frigus
1522 1849 1859 1912 acerrimum,
1892 1850 2039 1901 velut

118 1922 232 1973 fieri
258 1922 391 1973 solet
419 1921 557 1972 circa
590 1921 788 1972 Natale
823 1921 1186 1972 Dominicum.
1286 1922 1420 1972 Haec
1455 1921 1712 1984 dicentes,
1759 1921 1825 1971 ad
1859 1921 2037 1989 ipsum

117 1994 306 2045 insulae
339 1994 545 2045 aditum
586 1999 954 2061 pervenerant,
1000 1993 1094 2044 ubi
1125 1993 1274 2044 sexui
1308 1993 1589 2043 infirmiori
1616 1999 1669 2044 et
1702 1993 1847 2044 aetati
1885 2000 2036 2045 tene-

117 2066 261 2128 riori,
279 2084 347 2117 ne
367 2066 562 2133 frigore
579 2073 691 2116 tam
713 2083 895 2132 aspero
916 2066 1113 2132 pariter
1133 2083 1316 2116 omnes
1339 2065 1783 2132 periclitarentur,
1807 2066 2038 2118 maxime

118 2138 460 2189 condolentes
478 2159 492 2200 3
535 2138 703 2188 donec
738 2137 877 2188 circa
911 2156 1068 2188 mane
1095 2138 1389 2188 secundum
1417 2137 1855 2188 consuetudinem
1886 2156 2038 2189 suam

117 2228 263 2261 mare
294 2210 613 2272 recessisset,
642 2227 697 2260 se
723 2215 1034 2276 pernoctare
1059 2209 1340 2260 timebant.
1422 2209 1527 2259 Sed
1554 2209 1703 2259 ecce!
1746 2208 2036 2260 inaestima-

115 2281 239 2332 bilis
286 2282 386 2332 Dei
431 2281 731 2343 clementia,
778 2281 946 2347 magis
991 2281 1268 2347 magisque
1305 2280 1488 2331 volens
1532 2280 1802 2331 declarare
1849 2282 2036 2348 quanti

115 2359 363 2420 pensaret
402 2352 731 2404 Confessoris
772 2352 866 2402 Sui
904 2352 1112 2415 merita,
1157 2352 1269 2403 illic
1304 2369 1513 2419 quoque
1559 2352 1779 2418 antiqua
1823 2353 2037 2419 pietatis

117 2443 225 2476 suae
267 2424 541 2476 renovavit
582 2424 861 2474 mirabilia.
939 2425 1084 2474 Nam
1129 2424 1324 2487 subito,
1359 2424 1500 2490 quod
1533 2441 1632 2475 nec
1676 2423 1778 2490 ipsi
1823 2442 2035 2491 sperare

115 2502 392 2559 noverant,
446 2496 519 2547 sic
565 2513 686 2546 cum
730 2496 1040 2546 introeundi
1082 2496 1287 2547 aditum
1338 2495 1431 2546 illo
1474 2501 1688 2546 tantum
1714 2495 1848 2546 >loco
1887 2515 2034 2548 mare

114 2569 457 2650 permiserat,
500 2586 640 2631 cum,
683 2567 821 2619 sicut
858 2567 1107 2630 diximus,
1152 2567 1565 2634 circumquaque
1599 2567 1885 2619 fluctuaret
1920 2569 2030 2635 ple-

115 2641 414 2691 nissimum.
491 2640 811 2720 Perpendat,
849 2657 1045 2706 quaeso,
1078 2640 1370 2706 legentium
1398 2639 1607 2702 caritas,
1649 2646 1848 2706 quanta
1878 2647 2033 2707 potu-

116 2713 217 2764 erit
259 2730 373 2764 esse
408 2712 649 2763 omnium
684 2712 901 2762 illorum
941 2712 1130 2762 laetitia
1175 2711 1265 2778 qui
1306 2729 1450 2762 nunc
1493 2729 1588 2778 per
1631 2711 1743 2778 ipsa
1785 2711 2034 2778 legerunt

114 2802 290 2852 opera,
343 2784 484 2851 quod
534 2784 686 2835 nobis
741 2783 1036 2850 antiquitus
1082 2790 1355 2850 gestuml
1333 2783 1564 2833 Mosaici
1607 2783 1793 2850 pandit
1839 2785 2034 2836 cantici

111 2857 307 2908 littera.
385 2856 532 2907 Dicit
558 2856 720 2918 enim,
763 2856 922 2907 Stetit
960 2856 1101 2907 unda
1130 2856 1322 2923 fluenS,
1366 2861 1689 2922 congrelqatoe
1722 2861 1844 2906 sunt
1871 2857 2033 2908 abissi

111 2931 167 2980 in
192 2930 357 2980 medio
384 2929 564 2979 marist
640 2929 711 2979 Et
737 2927 795 2977 in
821 2928 1285 2994 subsequentibus,
1313 2928 1437 2977 Filii
1464 2933 1634 2978 autem
1660 2928 1832 2978 Israel
1856 2930 2031 2979 ambu-

114 3003 350 3052 laverunt
365 3019 467 3067 per
491 3001 685 3051 siccum
710 3001 765 3050 in
791 3001 956 3051 medio
983 3001 1160 3050 marist
1236 2999 1396 3051 Quod
1428 3016 1550 3049 mox
1576 3017 1759 3050 omnes
1785 2999 2032 3066 ingressi,

115 3073 179 3124 de
205 3078 357 3123 tanto
389 3090 630 3139 supernae
670 3072 884 3139 pietatis
919 3072 1177 3122 miraculo
1214 3078 1267 3123 et
1303 3071 1591 3138 stupebant
1627 3077 1679 3122 et
1707 3072 2031 3138 gaudebant,

114 3144 401 3211 laudesque
436 3144 646 3195 Divinae
687 3144 1020 3195 miserationi
1060 3150 1114 3194 et
1154 3143 1462 3195 beatissimo
1507 3143 1796 3194 confessori
1840 3143 2031 3194 decan-

113 3221 307 3278 tantes,
336 3216 488 3266 siccis
513 3216 734 3283 pedibus
760 3216 949 3266 insulae
974 3215 1129 3266 littus
1157 3215 1509 3282 attingebant.
1591 3215 1696 3265 Sed
1728 3220 1781 3266 et
1816 3215 2031 3266 dilectio

116 3287 360 3350 fratrum,
402 3287 493 3353 qui
528 3293 580 3338 et
617 3287 683 3338 ad
714 3288 967 3338 saeculum
1006 3287 1210 3338 nobiles
1248 3294 1301 3338 et
1339 3305 1549 3337 morum
1585 3287 1845 3353 gravitate
1878 3287 2031 3338 nobi-

114 3359 273 3409 liores
307 3358 365 3408 in
402 3358 621 3408 militari
650 3359 841 3410 habitu
879 3365 1011 3410 tunc
1045 3359 1302 3410 feretrum
1338 3359 1643 3426 portabant,
1679 3375 1823 3408 nunc
1851 3364 2031 3409 autem

114 3430 390 3480 nobiscum
432 3430 487 3479 in
527 3429 764 3497 ejusdem
809 3431 976 3497 patris
1016 3431 1356 3493 monasterio,
1399 3431 1499 3481 hoc
1544 3435 1624 3480 est
1664 3429 1721 3479 in
1762 3430 2031 3480 Dunelmo

114 3501 349 3568 professi,
392 3501 502 3552 veri
546 3507 670 3551 sunt
713 3508 834 3551 actu
875 3509 927 3552 et
972 3502 1161 3554 habitu
1201 3502 1482 3554 monachi:
1525 3500 1832 3551 dulcissima
1876 3501 2032 3551 nobis

550 3661 569 3685 Ρ
601 3652 734 3693 Exod.
757 3666 820 3693 xv.
843 3656 880 3694 8.
1247 3661 1262 3683 ‘⁷
1294 3653 1418 3703 Ibid.,
1441 3666 1504 3693 xv.
1528 3655 1591 3693 19.
